@article{Ahlman1933,
	author={Ahlman, Erik},
	year={1933},
	title={Adverbeista},
	journal={Viritt\"aj\"a},
	volume={37},
	pages={},
	},

@incollection{Ameka2006,
	author={Ameka, Felix K.},
	year={2006},
	title={Real descriptions: {R}eflections on native speaker and non-native speaker descriptions of a language},
	crossref={AmekaEtAlEd2006},
	pages={69--112},
}

@incollection{AmekaEtAlEd2006,
	author={Ameka, Felix and Alan Dench and Nicholas Evans},
	year={2006},
	title={Catching language: {T}he standing challenge of grammar writing},
	address={Berlin/New York},
	publisher={Mouton de Gruyter},
}

@incollection{Anderson1985a,
	author={Anderson, Stephen},
	year={1985a},
	title={Typological distinctions in word formation},
	},

@incollection{Anderson1985b,
	author={Anderson, Stephen},
	year={1985b},
	title={Inflectional morphology},
	crossref={ShopenEd1985III}, 
	volume={3},
	pages={},
	},

@incollection{AndersonEtAl1985,
	author={Anderson, Stephen and Edward Keenan},
	year={1985},
	title={Deixis},
	crossref={ShopenEd1985II}, 
	volume={2},
	},

@incollection{Andrews2007a,
	author={Andrews, Avery},
	year={2007},
	title={The major functions of the noun phrase},
	crossref={ShopenEd1985I},
	},

@incollection{Andrews2007b,
	author={Andrews, Avery},
	year={2007b},
	title={Relative clauses},
	crossref={ShopenEd1985II}, 
	volume={2},
	},

@book{BaakEtAlEd1995,
	author={Baak, Connie and Mary Bakker and Dick van der Meij},
	year={1995},
	title={Tales from a concave world: {L}iber amicorum {B}ert {V}oorhoeve},
	address={Leiden},
	publisher={Projects Division, Department of Languages and Culture of Asia and Oceania, Leiden University},
	pages={83--122},
}

@book{Bauer1983,
	author={Bauer, Laurie},
	year={1983},
	title={{E}nglish word-formation},
	address={Cambridge},
	publisher={Cambridge University Press},
}

@article{BerghallEtAl2006,
	author={Bergh\"all, Liisa (=J\"arvinen, Liisa)},
	year={2006},
	title={Negation in {M}auwake, a {P}apuan language},
	editor={Mickael Suominen and Antti Arppe and Anu Airola nad Orvokki Hein\"am\"aki and Matti Miestamo and Urho M\"a\"att\"a and Jussi Niemi and Kari Pitk\"anen and Kaius Sinnem\"aki},
	booktitle={A man of measure: {F}estschrift in honour of {Fred Karlsson} on his 60th birthday}, 
	note={Special supplement to SKY Journal of Linguistics}, 
	volume={19},
	},

@book{BerlinEtAl1969,
	author={Berlin, Brent and Paul Kay},
	year={1969},
	title={Basic color terms: {T}heir universality and evolution},
	address={Berkeley and Los Angeles},
	publisher={University of California Press},
}

@book{Bloomfield1935,
	author={Bloomfield, Leonard},
	year={1935},
	title={Language},
	address={New York},
	publisher={H. Holt \& Co},
}

@book{BrummEtAl1995,
	author={Brumm, Geoffrey and Frank Mihalic SVD},
	year={1995},
	title={Sent by the Word: 100 years of service by Divine Word missionaries and sisters Servants of the {H}oly {S}pirit on mainland {N}ew {G}uinea},
	address={Wewak},
	publisher={Wirui Press},
}

@book{Bugenhagen1995,
	author={Bugenhagen, Robert},
	year={1995},
	title={A grammar of {M}angap-{M}bula: {A}n {A}ustronesian language of {P}apua {N}ew {G}uinea},
	series={{P}acific Linguistics}, 
	number={C-101},
	address={Canberra},
	publisher={{A}ustralian National University},
}

@book{Bunn1974,
	author={Bunn, Gordon},
	year={1974},
	title={Golin grammar},
	series={Workpapers in {P}apua {N}ew {G}uinea Linguistics},
	number={5},
	},

@book{Bybee1985,
	author={Bybee, Joan},
	year={1985},
	title={Morphology: {A} study of the relation between meaning and form},
	address={Amsterdam},
	publisher={John Benjamins},
}

@incollection{Bybee2001,
	author={Bybee, Joan},
	year={2001},
	title={Main clauses are innovative, subordinate clauses are conservative},
	crossref={BybeeEtAlEd2001},
	pages={1--17},
}

@book{BybeeEtAlEd2001,
	editor={Bybee, Joan and Michael Noonan},
	year={2001},
	title={Complex sentences in grammar and discourse. {E}ssays in honor of {S}andra {T}hompson},
	address={Amsterdam/Philadelphia},
	publisher={John Benjamins},
}

@article{Capell1952,
	author={Capell, A.},
	year={1952},
	title={Languages of {B}ogia {D}istrict, {N}ew {G}uinea},
	journal={Oceania},
	number={22},
	volume={2},
	pages={},
	},

@book{Capell1969,
	author={Capell, A.},
	year={1969},
	title={A survey of {N}ew {G}uinea languages},
	address={Sydney},
	publisher={Sydney University Press},
}

@incollection{Chafe1976,
	author={Chafe, Wallace},
	year={1976},
	title={Givenness, contrastiveness, definiteness, subjects, topics, and point of view},
	crossref={LiEd1976},
	pages={25--55},
}.

@book{Comrie1976,
	author={Comrie, Bernard},
	year={1976},
	title={Aspect},
	address={Cambridge},
	publisher={Cambridge University Press},
}

@book{Comrie1981,
	author={Comrie, Bernard},
	year={1981},
	title={Language universals and linguistic typology},
	address={Oxford},
	publisher={Basil Blackwell},
}

@book{Comrie1983,
	author={Comrie, Bernard},
	year={1983},
	title={Switch-reference in {H}uichol: {A} typological study},
	crossref={HaimanEtAlEd1983},
	pages={17--37}
}. 

@book{Comrie1985,
	author={Comrie, Bernard},
	year={1985},
	title={Tense},
	address={Cambridge},
	publisher={Cambridge University Press},
}

@incollection{ComrieEtAl1995,
	author={Comrie, Bernard and Kaoru Horie},
	year={1995},
	title={Complement clauses versus relative clauses: {S}ome {K}hmer evidence},
	editor={Werner Abraham and Talmy Giv\'on and Sandra Thompson},
	booktitle={Discourse grammar and typology. {P}apers in honour of {John W. M. Verhaar}},
	address={Amsterdam/Philadelphia},
	publisher={John Benjamins},
}

@incollection{ComrieEtAl2007,
	author={Comrie, Bernard and Sandra Thompson},
	year={2007},
	title={Lexical nominalization},
	crossref={ShopenEd2007III}, 
	volume={3},
	},

@incollection{Cristofaro2006,
	author={Cristofaro, Sonia},
	year={2006},
	title={The organization of reference grammars: {A} typologist user's point of view},
	crossref={AmekaEtAlEd2006},
	pages={137--170},
}.

@book{Croft1991,
	author={Croft, William},
	year={1991},
	title={Syntactic categories and grammatical relations},
	address={Chicago},
	publisher={University of Chicago Press},
}

@book{Crowley2002,
	author={Crowley, Terry},
	year={2002},
	title={Serial verbs in {O}ceanic: {A} descriptive typology},
	address={New York},
	publisher={Oxford University Press},
}

@article{Crystal1967,
	author={Crystal, David},
	year={1967},
	title={Word classes in {E}nglish},
	journal={Lingua} ,
	volume={17},
	pages={},
	},

@book{Crystal1980,
	author={Crystal, David},
	year={[1980]1997},
	title={A dictionary of linguistics and phonetics},
	edition={4},	
	address={Oxford},
	publisher={Basil Blackwell},
}

@book{Davies1999,
	author={Davies, Hugh},
	year={1999},
	title={Tsunami {PNG} 1998},
	address={Port Moresby},
	publisher={The University of {P}apua {N}ew {G}uinea},
	edition={Second and revised edition},
}

@book{Dik1978,
	author={Dik, Simon},
	year={1978},
	title={Functional grammar},
	address={Dordrecht},
	publisher={Foris Publications},
}

@article{Dixon1977,
	author={Dixon, R. M. W.},
	year={1977},
	title={Where have all the adjectives gone?},
	journal={Studies in language},
	volume={1},
	pages={},
}

@book{Dixon1997,
	author={Dixon, R. M. W.},
	year={1997},
	title={The rise and fall of languages},
	address={Cambridge},
	publisher={Cambridge University Press},
}

	@book{Dixon2010,
	author={Dixon, R. M. W.},
	year={2010-2012},
	title={Basic linguistic theory},
	address={Oxford},
	publisher={Oxford University Press},
}

@article{Downing1977,
	author={Downing, Pamela},
	year={1977},
	title={On the creation and use of {E}nglish compound nouns},
	journal={Language},
	volume={53},
	pages={},
	},

@incollection{Dryer2006a,
	author={Dryer, Matthew S.},
	year={2006},
	title={Descriptive theories, explanatory theories and {Basic Linguistic Theory}},
	crossref={AmekaEtAlEd2006},
	pages={207--234},
}

@incollection{Dryer2006b,
	author={Dryer, Matthew S.},
	year={2006},
	title={Functionalism and the theory-metalanguage confusion},
	editor={Grace Wiebe and Gary Libben and Ron Smith and Sam Wang},
	booktitle={Phonology, morphology, and the empirical imperative: {P}apers in honour of {Bruce Derwing}},
	address={Taipei},
	publisher={The Crane Publishing Company},
	pages={27--59},
}

@incollection{Dryer2007a,
	author={Dryer, Matthew S.},
	year={2007},
	title={Word order},
	crossref={ShopenEd2007I},
	pages={},
	},

@incollection{Dryer2007b,
	author={Dryer, Matthew S.},
	year={2007},
	title={Clause types},
	crossref={ShopenEd2007I},
	pages={},
	},

@incollection{Dryer2007c,
	author={Dryer, Matthew S.},
	year={2007},
	title={Noun phrase structure},
	crossref={ShopenEd2007II},
	volume={2},
	pages={},
	},

@PhDthesis{Duamba1996,
	author={Duamba, Wenceslaus},
	year={1996},
	title={Foundation of the local church: {E}vangelization and development},
	note={B.Th. thesis for Holy Spirit Seminary, Bomana, P.N.G.},
}

@article{Ezard1977,
	author={Ezard, Bryan},
	year={1977},
	title={A basic word list for {P}apua {N}ew {G}uinea},
	journal={Workpapers in {P}apua {N}ew {G}uinea languages},
	volume={21},
	pages={},
}

@incollection{EvansEtAl2006,
	author={Evans, Nicholas and Alan Dench},
	year={2006},
	title={Introduction: {C}atching language},
	crossref={AmekaEtAlEd2006},
	pages={1--39},
}.

@book{Farr1999,
	author={Farr, Cynthia J. M.},
	year={1999},
	title={The interface between syntax and discourse in {K}orafe, a {P}apuan language of  {P}apua {N}ew {G}uinea},
	series={{P}acific Linguistics}, 
	number={C-148},
}

@article{FarrEtAl1982,
	author={Farr, Cynthia and Carl Whitehead},
	year={1982},
	title={This, that and the other: {A} study of {K}orafe demonstratives},
	journal={Language and Linguistics in Melanesia},
	volume={13},
	pages={},
	},
	
@book{Foley1986,
	author={Foley, William A.},
	year={1986},
	title={The {P}apuan languages of {N}ew {G}uinea},
	address={Cambridge},
	publisher={Cambridge University Press},
}

@book{Foley1991,
	author={Foley, William A.},
	year={1991},
	title={The {Y}imas language of {N}ew {G}uinea},
	address={Stanford, California},
	publisher={Stanford University Press},
}

@book{Franklin1971,
	author={Franklin, Karl J.},
	year={1971},
	title={A grammar of {K}ewa, {N}ew {G}uinea},
	series={{P}acific Linguistics}, 
	number={C-16},
	},

@incollection{Franklin1979,
	author={Franklin, Karl J.},
	year={1979},
	title={Free and bound pronouns in {P}apuan languages},
	editor={R. E. Cooley and M. R. Barnes and J. A. Dunn},
	booktitle= {Papers of the {Mid-America Linguistics Conference at Oklahoma}},
	address={Norman},
	publisher={University of Oklahoma},
	pages={355--365},
}

@incollection{Franklin1983,
	author={Franklin, Karl J.},
	year={1983},
	title={Some features of interclausal references in {K}ewa},
	crossref={HaimanEtAlEd1983},
	pages={39--49},
}

@book{Frawley1992,
	author={Frawley, William},
	year={1992},
	title={Linguistic semantics},
	address={Hillsdale, N.J.},
	publisher={Lawrence Erlbaum}
}

@incollection{Givon1975,
	author={Giv\'on, Talmy},
	year={1975},
	title={Serial verbs and syntactic change: {N}iger-{C}ongo},
	editor={Charles Li},
	booktitle={Word order and word order change},
	address={Austin},
	publisher={Texas Press},
	pages={47--112}
}

@incollection{Givon1976,
	author={Giv\'on, Talmy},
	year={1976},
	title={Topic, Pronoun and grammatical agreement},
	crossref={LiEd1976},
	pages={149--188}
	}

@book{Givon1979,
	author={Giv\'on, Talmy},
	year={1979},
	title={On understanding grammar},
	address={New York},
	publisher={Academic Press}
}

@incollection{Givon1983,
	author={Giv\'on, Talmy},
	year={1983},
	title={Topic continuity in discourse: {T}he functional domain of switch-reference},
	editor={HaimanEtAlEd1983},
	pages={51--82}
	}

@book{Givon1984,
	author={Giv\'on, Talmy},
	year={1984},
	title={Syntax: {A} functional-typological introduction},
	volume={1},
	address={Amsterdam/Philadelphia},
	publisher={John Benjamins}
	}

@book{Givon1990,
	author={Giv\'on, Talmy},
	year={1990},
	title={Syntax: {A} functional-typological introduction},
	volume={2},
	address={Amsterdam/Philadelphia},
	publisher={John Benjamins}
	}


@incollection{Givon1991,
	author={Giv\'on, Talmy},
	year={1991},
	title={Some substantive issues concerning verb serialization: {G}rammatical vs. cognitive packaging},
	editor={Claire Lefebvre},
	booktitle={Serial verbs: {G}rammatical, comparative and cognitive approaches},
	address={Amsterdam},
	publisher={John Benjamins},
	pages={137--184}
}

@book{Givon1995,
	author={Giv\'on, Talmy},
	year={1995},
	title={Functionalism and grammar},
	address={Amsterdam/Philadelphia},
	publisher={John Benjamins}
}

@article{Greenberg1954,
	author={Greenberg, Joseph H.},
	year={1954 [1960]},
	title={A quantitative approach to the morphological typology of a language},
	journal={International journal of American linguistics},
	volume={26},
	pages={}
	}

@incollection{Greenberg1966,
	author={Greenberg, Joseph H.},
	year={1966 [1963]},
	title={Some universals of grammar with particular reference to the order of meaningful elements},
	editor={Joseph Greenberg},
	booktitle={Universals of language},
	address={Cambridge, Mass.},
	publisher={M.I.T. Press},
	pages={73--113}
	}

@incollection{Greenberg1971,
	author={Greenberg, Joseph H.},
	year={1971},
	title={The {I}ndo-{P}acific hypothesis},
	editor={T. Sebeok},
	booktitle={Linguistics in {O}ceania},
	series={Current trends in linguistics},
	volume={8},
	pages={807--876}
	}

@book{GreenbergEd1978a,
	author={Greenberg, Joseph H.and Charles Ferguson and Edith Moravscik},
	year={1978},
	title={Universals of human language Vol. 3: {W}ord structure},
	address={Stanford, California},
	publisher={Stanford University Press}
	}

@book{GreenbergEd1978b,
	author={Greenberg, Joseph H. and Charles Ferguson and Edith Moravscik},
	year={1978},
	title={Universals of human language Vol. 4: {S}yntax},
	adress={Stanford, California},
	publisher={Stanford University Press}
	}

@book{Grimes2000,
	author={Grimes, Barbara},
	year={2000},
	title={Ethnologue},
	edition={14},
	address={Dallas},
	publisher={SIL International}
}

@article{GrimesEtAl1959,
	author={Grimes, J.E. and F. Agard},
	year={1959},
	title={Linguistic divergence in {R}omance},
	journal={Language},
	volume={35},
	pages={}
	}

@incollection{HaantjensEtAl1976,
	author={Haantjens, H.A. and E. Reiner, R.G. Robbins and J.C. Saunders},
	year={1976},
	title={Land systems},
	editor={R.G. Robbins},
	booktitle={Lands of the {Ramu-Madang} area, {P}apua {N}ew {G}uinea},
	series={Land Research Series},
	number={37},
	publisher={CSIRO},
	address={Melbourne}
	}

@article{Haiman1978,
	author={Haiman, John},
	year={1978},
	title={Conditionals are topics},
	journal={Language},
	volume={54},
	pages={}
	}
	
@book{Haiman1980,
	author={Haiman, John},
	year={1980},
	title={Hua, a {P}apuan language of the Eastern Highlands of {N}ew {G}uinea},
	series={SLC},
	number={5},
	address={Amsterdam},
	publisher={John Benjamins},
}

@book{HaimanEd1985,
	editor={Haiman, John},
	year={1985},
	title={Iconicity in syntax},
	series={TSL},
	number={6},
	address={Amsterdam},
	publisher={John Benjamins}
}

@article{Haiman1979,
	author={Haiman, John},
	year={1979},
	title={Review of {W}urm, ed, 1975},
	journa = {Language},
	number={55},
	issue={4},
	pages={}
	}
	
@book{HaimanEtAl1983,
	author={Haiman, John and Pamela Munro},
	year={1983},
	title={Switch reference and universal grammar},
	series={TSL},
	number={2},
	address={Amsterdam},
	publisher={John Benjamins}
	}

@incollection{Haiman1984,
	author={Haiman, John and Sandra Thompson},
	year={1984},
	title={``Subordination'' in universal grammar},
	booktitle={Proceedings of the Tenth Annual Meeting of the {Berkeley Linguistics Society}},
	address={Berkeley},
	publisher={Berkeley Linguistics Society},
	pages={510--523}
}

@book{HaimanEtAlEd1988,
	author={Haiman, John and Sandra Thompson},
	year={1988},
	title={Clause combining in grammar and discourse},
	series={Typological studies in language},
	numner={18},
	address={Amsterdam/Philadelphia},
	publisher={John Benjamins}
	}

@book{HakulinenEtAl1979,
	author={Hakulinen, Auli and Fred Karlsson},
	year={1979},
	title={Nykysuomen lauseoppia},
	address={Jyv\"askyl\"a, Finland},
	publisher={Suomalaisen Kirjallisuuden Seura}
	}

@book{Halliday1994,
	author={Halliday, M. A. K.},
	year={1994},
	title={An introduction to functional grammar},
	edition={2},
	address={London},
	publisher={Edward Arnold}
}

@unpublished{Hardin2002,
author={Hardin, Barbara},
title={Maia grammar essentials},
howpublished={SIL archives, Ukarumpa, {P}apua {N}ew {G}uinea},
url={www.sil.org/resources/archives/49138}
}

@incollection{Hartzler1994,
	author={Hartzler, Margaret},
	year={1994},
	title={Sentani},
	editor={Peter Kahrel and Ren\'e van den Berg},
	booktitle={Typological studies in negation}, 
	series={TSL},
	number={29},
	address={Amsterdam/Philadelphia},
	publisher={John Benjamins},
	pages={51--64}
	}

@incollection{Haspelmath2007,
	author={Haspelmath, Martin},
	year={2007},
	title={Coordination},
  	crossref={ShopenEd2007II},
	pages={}
	}

@book{Heine1997,
	author={Heine, Bernd},
	year={1997},
	title={Possession: {C}ognitive sources, forces and grammaticalization},
	address={Cambridge},
	publisher={Cambridge University Press}
}

@misc{Hepner2002,
	author={Hepner, Mark},
	year={2002},
	title={Bargam grammar sketch},
	howpublished={Unpublished manuscript. SIL archives, Ukarumpa, {P}apua {N}ew {G}uinea},
	url={www.sil.org/resources/archives/31205}
	}

@article{Hollrung1888,
  author={Hollrung, M.},
  year={1888},
  title={Das deutsche {S}chutzgebiet in der {S}\"udsee},
  journal={Globus},
  volume={54},
  pages={}
  }

@article{HopperEtAl1980,
	author={Hopper, Paul and Sandra Thompson},
	year={1980},
	title={Transitivity in grammar and discourse},
	journal={Language},
	volume={56},
	pages={}
}

@article{HopperEtAl1984,
	author={Hopper, Paul and Sandra Thompson},
	year={1984},
	title={The discourse basis for lexical categories in universal grammar},
	journal={Language},
	volume={60},
	pages={}
}

@incollection{HopperEtAl1985,
	author={Hopper, Paul and Sandra Thompson},
	year={1985},
	title={The iconicity of ``noun'' and ``verb''},
	crossref={HaimanEd1985},
	pages={151--183},
}

@article{Hoeltker1937,
	author={H\"oltker, G.},
	year={1937},
	title={{Vorbericht \"uber meine ethnografischen und anthropologischen Forschungen in Bogia-Distrikt (Neu-Guinea)}},
	journal={Anthropos},
	volume={32},
	pages={}
}

@article{James1983,
	author={James, Dorothy},
	year={1983},
	title={Verb serialization in Siane},
	journal={Language and linguistics in Mmelanesia},
	volume={14},
	pages={}
}

@misc{Jarvinen1980,
      author={J\"arvinen (=Bergh\"all) Liisa},
      year={1980},
      title={Relative constructions in {M}auwake},
      note={Unpublished manuscript. SIL archives, Ukarumpa, {P}apua {N}ew {G}uinea}
}

@unpublished{Jarvinen1988a,
      author={J\"arvinen (=Bergh\"all), Liisa},
      yeaer={1988a},
      title={{M}auwake dialect survey},
      note={Unpublished manuscript. SIL archives, Ukarumpa, {P}apua {N}ew {G}uinea}
}

@article{Jarvinen1988b,
	author={J\"arvinen (=Bergh\"all), Liisa},
	year={1988},
	title={Focus marking in {M}auwake},
	journal={Language and Linguistics in Melanesia},
	volume={19},
	pages={}
}

@misc{Jarvinen1989,
	author={J\"arvinen (=Bergh\"all), Liisa},
	year={1989},
	title={A phonological description of {M}auwake},
	note={Unpublished manuscript. SIL archives, Ukarumpa, {P}apua {N}ew {G}uinea}
}

@misc{Jarvinen1990,
	author={J\"arvinen (=Bergh\"all), Liisa},
	year={1990},
	title={{M}auwake orthography},
	note={Unpublished manuscript. SIL archives, Ukarumpa, {P}apua {N}ew {G}uinea}
}

@incollection{Jarvinen1991,
	author={J\"arvinen, Liisa},
	year={1991},
	title={The pronoun system of {M}auwake},
	editor={Tom Dutton},
	booktitle={Papers in {P}apuan linguistics},
	volume={1},
	series={{P}acific Linguistics},
	number={A-73},
	pages={}
}

@misc{JarvinenEtAl2001,
	author={J\"arvinen, Liisa and Poh San Kwan and Saror Aduna},
	year={2001},
	title={{M}auwake dictionary}, 
	url={http://www.sil.org/pacific/png/pubs/49080/{M}auwake_dictionary.pdf}
}

@book{Jespersen1924,
	author={Jespersen, Otto},
	year={1924},
	title={The philosophy of grammar},
	address={London},
	publisher={George Allen and Unwin}
}

@book{Jespersen1933,
	author={Jespersen, Otto},
	year={1933},
	title={Essentials of {E}nglish grammar},
	address={London},
	publisher={George Allen and Unwin}
}


@article{Kadanya2006,
	author={Kadanya, James L.},
	year={2006},
	title={Writing grammars for the community},
	journal={Studies in language},
	volume={30},
	number={2},
	pages={253--257}
}

@book{Kaima1999,
	author={Kaima, Samuel and August Kituai},
	year={1999},
	title={A bibliography of {Madang Province}},
	address={Waigani},
	publisher={University of {P}apua {N}ew {G}uinea}
}


@incollection{Keenan1985,
	author={Keenan, Edward},
	year={1985},
	title={Relative clauses},
	crossref={ShopenEd1985II},
	volume={2},
	pages={}
}

@article{KeenanEtAl1977,
	author={Keenan, Edward and Bernard Comrie},
	year={1977},
	title={Noun phrase accessibility and universal grammar},
	journal={Linguistic Inquiry},
	volume={8},
	pages={}
}

@book{Kittila2002,
	author={Kittil\"a, Seppo},
	year={2002},
	title={Transitivity: {T}owards a comprehensive typology},
	series={University of Turku publications in general linguistics},
	address={Turku, Finland},
	publisher={{\AA}bo Akademis tryckeri}
}

@misc{Kwan1980,
	author={Kwan, Poh San},
	year={1980},
	title={{M}auwake ({U}lingan) grammar essentials},
	note={Unpublished manuscript. SIL archives, Ukarumpa, {P}apua {N}ew {G}uinea}
}

@misc{Kwan1983,
	author={Kwan, Poh San},
	year={1983},
	title={Transitivity and verb classes in {M}auwake},
	note={Unpublished manuscript. SIL archives, Ukarumpa, {P}apua {N}ew {G}uinea}
}

@misc{Kwan1988,
	author={Kwan, Poh San},
	year={1988},
	title={Background study of the {M}auwake-speaking people of {M}adang},
	note={Unpublished manuscript. SIL archives, Ukarumpa, {P}apua {N}ew {G}uinea}
}

@incollection{Kwan1989,
	author={Kwan, Poh San},
	year={1989},
	title={The referential meanings of \emph{kema} `liver' in {M}auwake},
	editor={Karl Franklin},
	booktitle={Studies in componential analysis},
	series={Data papers on {P}apua {N}ew {G}uinea languages}, 
	volume={36},
	pages={}
}

@incollection{Lakoff1974,
	author={Lakoff, Robin},
	year={1974},
	title={Remarks on {\em this} and {\em that}},
	editor={M. La Galy and R. Fox and A. Bruck},
	booktitle={Papers from the tenth regional meeting of the {Chicago Linguistic Society}},
	pages={345--356},
	address={Chicago},
	publisher={Chicago Linguistic Society},
} 

@article{Lang1976,
	author={Lang, Ranier},
	year={1976},
	title={Review of {S. A. Wurm}, ed., 1975},
	journal = {Kivung, Journal of the Linguistic Society of {P}apua {N}ew {G}uinea},
	number={9},
	issue={1},
	pages={72--80}
}

@book{Lean1991,
	author={Lean, Glendon A.},
	year={1991},
	title={Counting systems in {P}apua {N}ew {G}uinea. Vol. 15: {Madang Province}}, 
	edition={2},
	address={Lae},
	publisher={Department of Mathematics and Statistics, {P}apua {N}ew {G}uinea University of Technology}
}


@book{Lees1968,
	author={Lees, Robert},
	year={1968},
	title={The grammar of {E}nglish nominalizations},
	address={The Hague},
	publisher={Mouton}
}


@incollection{Lehmann1988,
	author={Lehmann, Christian},
	year={1988},
	title={Towards a typology of clause linkage},
	crossref={HaimanEtAlEd1988},
	pages={181--225}
}

@book{LiEd1976,
	author={Li, Charles},
	year={1976},
	title={Subject and topic},
	address={New York},
	publisher={Academic Press}
}
 

@incollection{LiEtAl1976,
	author={Li, Charles and Sandra Thompson},
	year={1976},
	title={Subject and topic: {A} new typology of language},
	crossref={LiEd1976},
	pages={457--489}
}

@incollection{Linde1979,
	author={Linde, Charlotte},
	year={1979},
	title={Focus of attention and the choice of pronouns in discourse},
	editor={Talmy Giv\'on},
	booktitle={Discourse and syntax},
	series={Syntax and semantics},
	number={12},
	address={New York},
	publisher={Academic Press},
	pages={337--354}
}

@book{Lord1993,
	author={Lord, Carol},
	year={1993},
	title={{Historical change in serial verb constructions}},
	series={TSL},
	number={26},
	address={Amsterdam},
	publisher={John Benjamins}
}

@book{Lyons1968,
	author={Lyons, John},
	year={1968},
	title={Introduction to theoretical linguistics},
	address={Cambridge},
	publisher={Cambridge University Press}
}


@book{Lyons1977,
	author={Lyons, John},
	year={1977},
	title={Semantics},
	address={Cambridge},
	publisher={Cambridge University Press}
}

@book{MacDonald1990,
	author={MacDonald, Lorna},
	yeaer={1990},
	title= {A grammar of {T}auya},
	address={Berlin},
	publisher={Mouton de Gruyter}
}

@book{Maddieson1984,
	author={Maddieson, Ian},
	year={1984},
	title={Patterns of sounds},
	address={Cambridge},
	publisher={Cambridge University Press}
}


@incollection{Malkiel1978,
	author={Malkiel, Yakov},
	year={1978},
	title={Derivational categories},
	crossref={GreenbergEd1978},
	pages={125--149}
}

@incollection{MatthiessenEtAl1988,
	author={Matthiessen, Christian and Sandra Thompson},
	year={1988},
	title={The structure of discourse in ``subordination''},
	crossref={HaimanEtAlEd1988},
	pages={275--329}
}

@book{McElhanon1973,
	author={McElhanon, Kenneth A.},
	year={1973},
	title={Towards a typology of {Finisterre-Huon} languages, {N}ew {G}uinea},
	series={{P}acific Linguistics},
	number={B-22}
} 

@book{McElhanonEtAl1970,	
	author={McElhanon, K. and C. L. Voorhoeve},
	year={1970},	
	title={The Trans-{N}ew {G}uinea Phylum: {E}xplorations in deep-level genetic relationships},
	series={{P}acific Linguistics},
	number={B-16}
}

@book{Miestamo2005,
	author={Miestamo, Matti},
	year={2005},
	title={Standard negation: {T}he negation of declarative verbal main clauses in a typological perspective},
	address={ Berlin/New York},
	publisher={Mouton de Gruyter}
}


@incollection{Mosel2006,
	author={Mosel, Ulrike},
	year={2006},
	title={Grammaticography},
	crossref={AmekaEtAlEd2006},
	pages={41--68}
}

@incollection{Moravcsik1978,
	author={Moravcsik, Edith},
	year={1978},
	title={Reduplicative constructions},
	crossref={GreenbergEd1978},
	pages={297--334}
}

@incollection{Munro1982,
	author={Munro, Pamela},
	year={1982},
	title={On the transitivity of `say' verbs},
	editor={Paul J. Hopper and Sandra Thompson},
	booktitle={Studies in transitivity},
	series={Syntax and semantics},
	number={15},
	address={New York},
	publisher={Academic Press}
}

@book{Murane1974,
	author={Murane, Elizabeth},
	year={1974},
	title={Daga grammar from morpheme to discourse},
	address={Glendale, California},
	publisher={The Church Press}
}


@misc{MushinEtAl2000,
	author={Mushin, Ilana and Lesley Stirling},
	year={2000},
	title={A course on deixis and perspective at {Australian Linguistic Institute, University of Melbourne}}
}


@incollection{Noonan2006,
	author={Noonan, Michael},
	year={2006},
	title={Grammar writing for a grammar-reading audience},
	journal={Studies in language},
	volume={30},
	number={2},
	pages={351--365}
}

@incollection{Noonan2007,
	author={Noonan, Michael},
	year={2007},
	title={Complementation},
	crossref={ShopenEd2007II},
	pages={}
}

@book{Palmer1986,
	author={Palmer, F.R.},
	year={1986},
	title={Mood and modality},
	address={Cambridge},
	publisher={Cambridge University Press}
}


@incollection{Pawley1987,
	author={Pawley, Andrew},
	year={1987},
	title={Encoding events in Kalam and {E}nglish: {D}ifferent logics for reporting experience},
	editor={Russell S. Tomlin},
	booktitle={Coherence and grounding in discourse},
	series={TSL},
	number={11},
	address={Amsterdam/Philadelphia},
	publisher={John Benjamins},
	pages={329--360}
}

@incollection{Pawley1995,
	author={Pawley, Andrew},
	year={1995},
	title={{C. L. Voorhoeve} and the Trans {N}ew {G}uinea phylum hypothesis},
	crossref={BaakEtAlEd1995},
	pages={83--122}
}

@incollection{Pawley1998,
	author={Pawley, Andrew},
	year={1998},
	title={The Trans {N}ew {G}uinea phylum hypothesis: {A} reassessment},
	editor={Jelle Miedema and Cecilia Od\'e and Rien A. C. Dam},
	booktitle={Perspectives on the {Bird's Head} of {Irian Jaya}, {I}ndonesia. {P}roceedings of the conference, {Leiden}, 13-17 {O}ctober 1997. {P}rojects Division, {D}epartment of {L}anguages and {C}ulture of {A}sia and {O}ceania, {Leiden University}}},
	address={Leiden},
	publisher={Editions Rodopi},
	pages={655--690}
}

@incollection{Pawley2001,
	author={Pawley, Andrew},
	year={2001},
	title={The {P}roto {T}rans {N}ew {G}uinea obstruents: {A}rguments from top-down reconstruction},
	editor={Andrew Pawley, Malcolm Ross and Darrell Tryon},
	booktitle={The boy from {B}undaberg: {S}tudies in {M}elanesian linguistics in honour of {T}om {D}utton},
	address={Canberra},
	publisher={{P}acific Linguistics},
	pages={261--300},
}

@incollection{Pawley2005a,
	author={Pawley, Andrew},
	year={2005},
	title={Preface},
	crossref={PawleyEtAlEd2005},
	pages={vi-xvii}
}

@incollection{Pawley2005b,
	author={Pawley, Andrew},
	year={2005b},
	title={The chequered career of  the Trans {N}ew {G}uinea hypothesis: {R}ecent research and its implications},
	crossref={PawleyEtAlEd2005},
	pages={67--107}
}

@book{PawleyEtAlEd2005,
	author={Pawley, Andrew and Robert Attenborough and Jack Golson and Robin Hide},
	year={2005},
	title={{P}apuan pasts: {C}ultural, linguistic and biological histories of {P}apuan-speaking peoples},
	address={Canberra},
	publisher={{P}acific Linguistics}
}


@incollection{Payne1985,
	author={Payne, John R.},
	year={1985},
	title={Complex phrases and complex sentences},
	crossref={ShopenEd1985II},
	pages={}
}

@book{Payne1997,
	author={Payne, Thomas},
	year={1997},
	title={Describing morphosyntax: {A} guide for field linguists},
	address={Cambridge},
	publisher={Cambridge University Press}
}


@book{QuirkEtAl1989,
	author={Quirk, Randolph and Sidney Greenbaum and Geoffrey Leech and Jan Svartvik}, 
	year={1989 [1985]},
	title={A comprehensive grammar of the {E}nglish language},  
	address={London},
	publisher={Longman}
}
 

@article{Reesink1983a,
	author={Reesink, Ger P.},
	year={1983},
	title={Switch reference and topicality hierarchies},
	journal={Studies in language},
	volume={7},
	pages={}
}

@incollection{Reesink1983b,
	author={Reesink, Ger P.},
	year={1983},
	title={On subordination in {U}san and other {P}apuan languages},
	editor={Simon Dik},
	booktitle={Advances in {F}unctional {G}rammar},
	address={Dordrecht},
	publisher={Foris Publications},
	pages={225--243}
}

@book{Reesink1987,
	author={Reesink, Ger P.},
	year={1987},
	title={Structures and their function in {U}san: {A} {P}apuan language of {P}apua {N}ew {G}uinea},
	series={Studies in Language Companion Series},
	number={13},
	address={Amsterdam},
	publisher={John Benjamins}
}

@article{Rice2006a,
	author={Rice, Keren},
	year={2006},
	title={A typology of good grammars},
	journal={Studies in language},
	volume={30},
	number={2},
	pages={385--415}
}

@incollection{Rice2006b,
	author={Rice, Keren},
	year={2006},
	title={Let the language tell its story?},
	crossref={AmekaEtAlEd2006},
	pages={235--268}
}

@book{Roberts1987,
	author={Roberts, John R.},
	year={1987},
	title={Amele},
	address={London},
	publisher={Croom Helm}
}


@article{Roberts1988a,
	author={Roberts, John R.},
	year={1988},
	title={Amele switch reference and the theory of grammar},
	journal={Linguistic Inquiry},
	volume={19},
	pages={}
}

@article{Roberts1988b,
	author={Roberts, John R.},
	year={1988},
	title={Switch reference in {P}apuan languages},
	journal={{A}ustralian Journal of Linguistics},
	volume={8},
	pages={}
}

@incollection{Roberts1997,
	author={Roberts, John R.},
	year={1997},
	title={Switch-reference in {P}apua {N}ew {G}uinea: {A} preliminary survey},
	editor={Andrew Pawley},
	booktitle={Papers in {P}apuan linguistics {N}o. 3},
	pages={},
	series={{P}acific Linguistics},
	number={A-87}
}

@incollection{Ross1995,
	author={Ross, Malcolm},
	year={1995},
	title={The great {P}apuan pronoun hunt: {R}ecalibrating our sights},
	crossref={BaakEtAlEd1995},
	pages={139--168}
}

@incollection{Ross2005,
	author={Ross, Malcolm},
	year={2005},
	title={Pronouns as a preliminary diagnostic for grouping {P}apuan languages},
	crossref={PawleyEtAlEd2005},
	pages={15--65}
}

@misc{Ross1996,
	author={Ross, Malcolm},
	year={1996},
	title={A preliminary subgrouping of the {M}adang languages based on pronouns},
	note={Unpublished ms. Research School of {P}acific and Asian studies, {A}ustralian National University}
}

@book{RossEtAl1978,
	author={Ross, Malcolm and John Natu Paol},
	year={1978},
	title={A {W}askia grammar sketch and vocabulary},
	series={{P}acific Linguistics},
	number={B-56}
}

@MAthesis{Saari1985,
	author={Saari, Sinikka},
	year={1985},
	title={Bine-kielen syntaksin p\"a\"apiirteet},
	school={University of Helsinki.}
}

@incollection{SadockEtAl1985,
	author={Sadock, Jerrold and Arnold Zwicky},
	year={1985},
	title={Speech act distinctions in syntax},
	crossref={ShopenEd1985I},
	pages={}
}

@book{Sapir1921,
	author={Sapir, Edward},
	year={1921},
	title={Language: {A}n introduction to the study of speech},
	address={New York},
	publisher={Harcourt, Brace and World}
}


@incollection{Schachter1985,
	author={Schachter, Paul},
	year={1985},
	title={Parts-of-speech systems},
	crossref={ShopenEd1985I},
	pages={}
}

@book{Sebba1987,
	author={Sebba, Mark},
	year={1987},
	title={The system of serial verbs: {A}n investigation into {S}ranan and other languages},
	address={Amsterdam},
	publisher={John Benjamins}
}


@incollection{Seiler1978,
	author={Seiler, Hansjakob},
	year={1978},
	title={The {C}ologne project on language universals: {Q}uestions, objectives and prospects},
	editor={Hansjakob Seiler},
	booktitle={Language Universals. {P}apers from the conference held at {G}ummersbach, October 3-8, 1976},
	address={T\"ubingen},
	publisher={Gunter Narr Verlag}
}

@book{ShopenEd1985I,
	editor={Shopen, Timothy},
	year={1985},
	title={Language typology and syntactic description},
	volume={1},
	address={Cambridge},
	publisher={Cambridge University Press}
}
@book{ShopenEd1985II,
	editor={Shopen, Timothy},
	year={1985},
	title={Language typology and syntactic description},
	volume={2},
	address={Cambridge},
	publisher={Cambridge University Press}
}
@book{ShopenEd1985III,
	editor={Shopen, Timothy},
	year={1985},
	title={Language typology and syntactic description},
	volume={3},
	address={Cambridge},
	publisher={Cambridge University Press}
}


@book{ShopenEd2007I,
	editor={Shopen, Timothy},
	year={2007},
	title={Language typology and syntactic description},
	edition={2},
	volume={1},
	address={Cambridge},
	publisher={Cambridge University Press}
}

@book{ShopenEd2007II,
	editor={Shopen, Timothy},
	year={2007},
	title={Language typology and syntactic description},
	edition={2},
	volume={2},
	address={Cambridge},
	publisher={Cambridge University Press}
}

@book{ShopenEd2007III,
	editor={Shopen, Timothy},
	year={2007},
	title={Language typology and syntactic description},
	edition={2},
	volume={3},
	address={Cambridge},
	publisher={Cambridge University Press}
}


@book{Simons1977,
	author={Simons, Gary},
	year={1977},
	title={Phonostatistic methods},
	series={Workpapers in {P}apua {N}ew {G}uinea languages},
	volume={21},
	pages={}
}

@book{Stassen1997,
	author={Stassen, Leon},
	year={1997},
	title={Intransitive predication},
	address={Oxford},
	publisher={Clarendon Press}
}

@incollection{Stassen2008,
	author={Stassen, Leon},
	year={2008},
	title={Comparative constructions},
	editor={Martin Haspelmath and  Matthew Dryer and  David Gil and Bernard Comrie},
	booktitle={The {W}orld {A}tlas of {L}anguage {S}tructures Online},
	address={Munich},
	publisher={Max Planck Digital Library},
	chapter={121},
	url={http://wals.info/feature/121},
	note={Accessed on 14.6.2009}
}

@incollection{Talmy2007,
	author={Talmy, Leonard},
	year={2007},
	title={Lexical typologies},
	crossref={ShopenEd2007III},
	pages={}
}

@book{Taylor1989,
	author={Taylor, John R.},
	year={1989},
	title={Linguistic categorization: prototypes in linguistic theory},
	address={Oxford},
	publisher={Clarendon Press}
}


@incollection{Thompson1988,
	author={Thompson, Sandra A.},
	year={1988},
	title={A Discourse approach to the cross-linguistic category of `adjective'},
	editor={John Hawkins},
	booktitle={Explaining language universals},
	address={Oxford},
	publisher={Blackwell},
	pages={167--185},
}

@incollection{ThompsonEtAl2007,
	author={Thompson, Sandra and Robert Longacre and Shin Ja Hwang},
	year={2007},
	title={Adverbial clauses},
	crossref={ShopenEd2007II},
	pages={}
}

@article{Tranel1952,
	author={Tranel, W.},
	year={1952},
	title={{V\"olkerkundliche und sprachliche Aufzeichnungen aus dem m\'oando-Sprachgebiet in Nordost-Neuguinea}},
	journal={Anthropos},
	volume={47},
	pages={}
}

@book{VanValinEtAl1997,
	author={Van Valin, Robert D. Jr and Randy J. LaPolla},
	year={1997},
	title={Syntax: {S}tructure, meaning and function},
	address={Cambridge},
	publisher={Cambridge University Press}
}

@article{VoegelinEtAl1965,
	author={Voegelin, C. F. and F. M. Voegelin},
	year={1965},
	title={Languages of the world: {I}ndo-{P}acific fascicle},
	journal={Anthropological linguistics},
	number={7},
	issue={9}
}

@book{WagnerEtAl1986,
	editor={Wagner, Herwig and Hermann Reiner},
	year={1986},
	title={The {L}utheran {C}hurch in {P}apua {N}ew {G}uinea: {T}he first hundred years},
	address={Adelaide},
	publisher={Lutheran Publishing House}
}


@book{Wells1979,
	author={Wells, Margaret},
	year={1979},	
	title={Siroi grammar},
	series={{P}acific Linguistics},
	number={B-51}
}

@article{Whitehead1981,
	author={Whitehead, Carl R.},
	year={1981},
	title={Subject, object and indirect object: {T}owards a typology of {P}apuan languages},
	journal={Language and linguistics in Melanesia},
	volume={13},
	pages={}
}

@phdthesis{Whitehead2004,
	author={Whitehead, Carl R.},
	year={2004},
	title={A reference grammar of {M}enya, an {A}ngan language of {P}apua {N}ew {G}uinea},
	school={University of Manitoba}
}

@article{Wierzbicka1986,
	author={Wierzbicka, Anna},
	year={1986},
	title={What's in a noun? (or: {H}ow do nouns differ in meaning from adjectives?)},
	journal={Studies in language},
	volume={10},
	pages={}
}

@book{WurmEd1975,
      editor={Wurm, S. A.},
      year={1975},
      title={{N}ew {G}uinea area languages and language study1: {P}apuan languages and the {N}ew {G}uinea linguistic scene},
      series={{P}acific Linguistics},
      number={C-38}
}

@book{Wurm1982,
	author={Wurm, Stephen A.},
	year={1982},
	title={{P}apuan languages of {O}ceania},
	address={T\"ubingen},
	publisher={Gunter Narr Verlag}
}


@article{Wurm1961,
	author={Wurm, S.A. and D.C. Laycock},
	year={1961},
	title={The question of language and dialect in {N}ew {G}uinea},
	journal={Oceania},
	number={32},
	volume={2},
	pages={}
}

@incollection{Wurm1975,
	author={Wurm, S. A. and D. C. Laycock and C.L. Voorhoeve},
	year={1975},
	title={General {P}apuan characteristics},
	crossref={WurmEd1975},
	pages={935--960}
}

@book{HattoriEtAl1981,
	author={Shir\^o Hattori and Wurm, Stephen},
	year={1981},
	title={Language atlas of the {P}acific area},
	volume={1},
	address={Canberra},
	publisher={{A}ustralian Academy of the Humanities in collaboration with the Japanese Academy}
}

@article{Ylikoski2003,
	author={Ylikoski, Jussi},
	year={2003},
	title={Defining non-finites: {A}ction nominals, converbs, and infinitives},
	journal={SKY Journal of linguistics},
	volume={16},
	pages={}
}


@book{Ylikoski2009,
	author={Ylikoski, Jussi},
	year={2009},
	title={Non-finites in {N}orth {S}aami},
	series={Suomalais-Ugrilaisen Seuran toimituksia = M\'emoires de la Soci\'et\'e Finno-Ougrienne},
	number={257},
	address={Sastamala},
	publisher={Vammalan Kirjapaino}
}

@book{ZGraggen1971,
	author={Z'Graggen, J. A.},
	year={1971},
	title={Classificatory and typological studies in the languages of the {Madang District}},
	series={{P}acific Linguistics},
	number={C-19}
}


@book{ZGraggen1975a,
	author={Z'Graggen, J. A.},
	year={1975},
	title={The languages of the Madang District, {P}apua {N}ew {G}uinea},
	series={{P}acific Linguistics},
	number={B-41}
}


@incollection{ZGraggen1975b,
	author={Z'Graggen, J. A.},
	year={1975},
	title={The {Madang-Adelbert} range subphylum},
	crossref={WurmEd1975},
	pages={569--612}
}


@book{ZGraggen1980,
	author={Z'Graggen, J. A.},
	year={1980},
	title={A comparative word list of the {Northern Adelbert Range} languages,  {Madang Province}, {P}apua {N}ew {G}uinea},
	series={{P}acific Linguistics},
	number={D-31}
}

