%% This BibTeX bibliography file was created using BibDesk.
%% http://bibdesk.sourceforge.net/


%% Created for Micha at 2016-06-17 10:59:39 +0200 


%% Saved with string encoding Unicode (UTF-8) 



@book{korjakov2006a,
	Author = {Korjakov, Jurij B.},
	Date-Added = {2016-06-17 08:57:44 +0000},
	Date-Modified = {2016-06-17 08:59:32 +0000},
	Location = {Moskva},
	Publisher = {Institut Jazykoznanija RAN},
	Title = {Atlas kavkazskich jazykov},
	Year = {2006}}

@article{holvoetEtAl2012a,
	Author = {Holvoet, Axel AND Birut{\.e} Spraunien{\.e}},
	Date-Added = {2016-06-17 08:30:44 +0000},
	Date-Modified = {2016-06-17 08:31:40 +0000},
	Journaltitle = {Baltic Linguistics},
	Pages = {65-99},
	Title = {Towards a semantic map for definite adjectives in {B}altic},
	Volume = {3},
	Year = {2012}}

@book{babby2009a,
	Author = {Babby, Leonard H.},
	Date-Added = {2016-06-17 08:28:04 +0000},
	Date-Modified = {2016-06-17 08:28:46 +0000},
	Location = {Cambridge},
	Number = {120},
	Publisher = {Cambridge University Press},
	Series = {Cambridge Studies in Linguistics},
	Title = {The Syntax of Argument Structure},
	Year = {2009}}

@book{sorokina2010a,
	Author = {Sorokina, Irina P.},
	Date-Added = {2016-06-17 07:24:46 +0000},
	Date-Modified = {2016-06-17 07:25:04 +0000},
	Location = {Saint Petersburg},
	Publisher = {Nauka},
	Title = {\.Eneckij jazyk},
	Year = {2010}}

@book{beekes1995a,
	Author = {Beekes, Robert S. P.},
	Date-Added = {2016-06-16 15:36:06 +0000},
	Date-Modified = {2016-06-16 15:37:13 +0000},
	Location = {Amsterdam},
	Publisher = {John Benjamins},
	Title = {Comparative {I}ndo-{E}uropean linguistics},
	Year = {1995}}

@book{siegl2013a,
	Author = {Siegl, Florian},
	Date-Added = {2016-06-16 13:38:41 +0000},
	Date-Modified = {2016-06-16 13:38:58 +0000},
	Location = {Helsinki},
	Number = {267},
	Publisher = {Suomalais-Ugrilainen Seura},
	Series = {Suomalais-Ugrilaisen Seuran Toimituksia},
	Title = {Materials on {F}orest {E}nets, an indigenous language of northern {S}iberia},
	Year = {2013}}

@book{feist2015a,
	Author = {Feist, Timothy},
	Date-Added = {2016-06-16 13:21:21 +0000},
	Date-Modified = {2016-06-16 13:21:21 +0000},
	Keywords = {Saamic linguistics,language description,Kola Saami},
	Location = {Helsinki},
	Number = {273},
	Publisher = {Suomalais-Ugrilainen Seura},
	Series = {Suomalais-Ugrilaisen Seuran Toimituksia},
	Title = {A grammar of {S}kolt {S}aami},
	Year = {2015},
	Bdsk-Url-1 = {??}}

@phdthesis{riesler2011a,
	Abstract = {http://omnibus.uni-freiburg.de/\textascitilde mr5496/downl/RIESSLER2011.pdf},
	Author = {Michael Rie{\ss}ler},
	Date-Added = {2016-06-01 11:27:52 +0000},
	Date-Modified = {2016-06-01 11:28:39 +0000},
	Institution = {Universit{\"a}t Leipzig},
	Location = {Leipzig},
	Note = {[{CD-ROM}]},
	Title = {Typology and evolution of adjective attribution marking in the languages of northern {E}urasia},
	Url = {http://d-nb.info/1013503309/},
	Year = {2011},
	Bdsk-Url-1 = {http://omnibus.uni-freiburg.de/~mr5496/downl/RIESSLER2011.pdf},
	Bdsk-Url-2 = {http://omnibus.uni-freiburg.de/%5Ctextascitilde%20mr5496/downl/RIESSLER2011.pdf},
	Bdsk-Url-3 = {http://d-nb.info/1013503309},
	Bdsk-Url-4 = {http://d-nb.info/1013503309/}}

@incollection{wagner-nagy2002a,
	Date-Added = {2016-06-01 09:59:52 +0000},
	Date-Modified = {2016-06-01 10:04:27 +0000},
	Editor = {Be{\'a}ta Wagner-Nagy},
	Location = {Szeged},
	Number = {10},
	Publisher = {SzTE Finnugor Tansz{\'e}k},
	Series = {Studia Uralo-Altaica (Supplementum)},
	Title = {Chrestomathia {N}ganasanica},
	Year = {2002}}

@incollection{kotcheva1996a,
	Abstract = {Saami linguistics},
	Author = {Kotcheva, Kristina},
	Booksubtitle = {F{\"o}redrag fr{\aa}n det 1:a studentkollokviet i nordisk spr{\aa}kvetenskap},
	Booktitle = {Nordisk spr{\aa}khistoria},
	Date-Added = {2016-06-01 09:54:59 +0000},
	Date-Modified = {2016-06-01 09:56:35 +0000},
	Editor = {Jurij Kusmenko and Sven Lange},
	Location = {Berlin},
	Number = {7},
	Pages = {36-45},
	Publisher = {Nordeuropa-Institut},
	Series = {Kleine Schriften des Nordeuropa-Instituts},
	Subtitle = {Synkroni och diakroni},
	Title = {\textit{Den}-l{\"o}sa konstruktionen i svenska},
	Year = {1996}}

@article{marusic-etal2007b,
	Author = {Maru{\v s}i{\v c}, Franc and {\v Z}aucer, Rok},
	Date-Added = {2016-05-28 09:18:12 +0000},
	Date-Modified = {2016-05-28 09:19:09 +0000},
	Journaltitle = {Pismo},
	Number = {1},
	Pages = {102-124},
	Title = {On the adjectival definite article in {S}lovenian},
	Volume = {5},
	Year = {2007}}

@book{dahl2004a,
	Author = {Dahl, {\"O}sten},
	Date-Added = {2016-03-30 12:39:35 +0000},
	Date-Modified = {2016-03-30 12:47:40 +0000},
	Location = {Amsterdam},
	Number = {71},
	Publisher = {John Benjamins},
	Series = {Studies in language companion series},
	Title = {The growth and maintenance of linguistic complexity},
	Year = {2004}}

@book{svonni2009a,
	Author = {Svonni, Mikael},
	Call-Number = {MR (PDF)},
	Date-Added = {2016-03-27 16:08:04 +0000},
	Date-Modified = {2016-03-27 16:08:04 +0000},
	Keywords = {Language description,Saamic linguistics,North Saami},
	Location = {Troms{\o}},
	Publisher = {Universitetet i Troms{\o}},
	Subtitle = {Kompendium},
	Title = {Samisk grammatik},
	Year = {2009}}

@book{schafer2015a,
	Author = {Roland Sch{\"a}fer},
	Date-Added = {2016-03-26 13:55:44 +0000},
	Date-Modified = {2016-03-26 13:56:34 +0000},
	Doi = {10.17169/langsci.b17.34},
	Language = {german},
	Location = {Berlin},
	Number = {2},
	Publisher = {Language Science Press},
	Series = {Textbooks in Language Sciences},
	Title = {Einf{\"u}hrung in die grammatische Beschreibung des Deutschen},
	Year = {2015}}

@book{liljegren2016a,
	Author = {Henrik Liljegren},
	Date-Added = {2016-03-26 13:28:10 +0000},
	Date-Modified = {2016-03-26 13:29:09 +0000},
	Doi = {10.17169/langsci.b82.86},
	Location = {Berlin},
	Number = {8},
	Publisher = {Language Science Press},
	Series = {Studies in Diversity Linguistics},
	Title = {A grammar of {P}alula},
	Year = {2016}}

@book{berghall2016a,
	Author = {Liisa Bergh{\"a}ll},
	Date-Added = {2016-03-26 13:09:48 +0000},
	Date-Modified = {2016-03-26 13:29:17 +0000},
	Doi = {10.17169/langsci.b67.96},
	Location = {Berlin},
	Number = {4},
	Publisher = {Language Science Press},
	Series = {Studies in Diversity Linguistics},
	Title = {A grammar of {M}auwake},
	Year = {2016}}

@book{wilbur2014a,
	Author = {Joshua Wilbur},
	Date-Added = {2016-03-26 12:26:07 +0000},
	Date-Modified = {2016-03-30 11:36:04 +0000},
	Doi = {10.17169/langsci.b17.34},
	Location = {Berlin},
	Number = {5},
	Publisher = {Language Science Press},
	Series = {Studies in Diversity Linguistics},
	Title = {A grammar of {P}ite {S}aami},
	Year = {2014}}

@book{schackow2015a,
	Author = {Diana Schackow},
	Date-Added = {2016-03-26 12:23:14 +0000},
	Date-Modified = {2016-03-26 12:25:41 +0000},
	Doi = {10.17169/langsci.b66.106},
	Location = {Berlin},
	Number = {7},
	Publisher = {Language Science Press},
	Series = {Studies in Diversity Linguistics},
	Title = {A grammar of {Y}akkha},
	Year = {2015}}

@book{dahl2015a,
	Author = {Dahl, {\"O}sten},
	Date-Added = {2016-03-22 16:25:18 +0000},
	Date-Modified = {2016-03-25 13:11:25 +0000},
	Doi = {10.17169/langsci.b73.17},
	Location = {Berlin},
	Number = {6},
	Publisher = {Language Science Press},
	Series = {Studies in Diversity Linguistics},
	Subtitle = {Noun phrase morphosyntax in {S}candinavian vernaculars},
	Title = {Grammaticalization in the {N}orth},
	Year = {2015}}

@incollection{haspelmath2010,
	Author = {Haspelmath, Martin},
	Booktitle = {The {O}xford handbook of grammatical analysis},
	Date-Added = {2011-03-29 20:13:37 +0200},
	Date-Modified = {2014-12-01 11:18:20 +0000},
	Editor = {Heine, Bernd AND Narrog, Heiko},
	Keywords = {Theoretical linguistics;Functional linguistics;Generative linguistics},
	Location = {Oxford},
	Pages = {341-365},
	Publisher = {Oxford University Press},
	Title = {Framework-free grammatical theory},
	Year = {2010}}

@incollection{bickel-etal2002,
	Author = {Balthasar Bickel AND Johanna Nichols},
	Booktitle = {Proceedings of the {I}nternational {LREC} {W}orkshop on {R}esources and {T}ools in {F}ield {L}inguistics, {L}as {P}almas, 26--27 {M}ay 2002},
	Date-Added = {2008-08-28 10:28:30 +0200},
	Date-Modified = {2016-05-28 08:11:54 +0000},
	Doi = {10.5167/uzh-76860},
	Editor = {Austin, Peter AND Helen Dry AND Peter Witternburg},
	Location = {Nijmegen},
	Publisher = {ISLE and DOBES},
	Title = {Autotypologizing databases and their use in fieldwork},
	Year = {2003}}

@article{bickel2007,
	Author = {Bickel, Balthasar},
	Call-Number = {MR},
	Date-Added = {2009-10-09 13:39:39 +0200},
	Date-Modified = {2014-11-28 14:01:16 +0000},
	Journaltitle = {Linguistic Typology},
	Pages = {239-251},
	Subtitle = {Major current developments},
	Title = {Typology in the 21st century},
	Volume = {11},
	Year = {2007}}

@book{walsOnline2013,
	Booktitle = {The World Atlas of Language Structures Online},
	Date-Added = {2016-02-02 19:09:27 +0000},
	Date-Modified = {2016-02-02 19:09:27 +0000},
	Editor = {Matthew S. Dryer and Martin Haspelmath},
	Keywords = {Typology},
	Location = {Leipzig},
	Publisher = {Max Planck Institute for Evolutionary Anthropology},
	Title = {The World Atlas of Language Structures Online},
	Url = {http://wals.info/},
	Urldate = {2016-01-28},
	Year = {2013}}

@article{nichols1986,
	Author = {Nichols, Johanna},
	Call-Number = {MR (copy)},
	Date-Added = {2008-01-07 16:42:54 +0100},
	Date-Modified = {2008-01-07 16:43:57 +0100},
	Journaltitle = {Language},
	Keywords = {Noun phrase},
	Pages = {56-119},
	Title = {Head-marking and dependent-marking grammars},
	Volume = {62},
	Year = {1986}}

@book{rijkhoff2002,
	Author = {Jan Rijkhoff},
	Bib = {Diss},
	Call-Number = {MR},
	Date-Added = {2008-07-27 12:18:52 +0200},
	Date-Modified = {2009-11-10 16:43:51 +0100},
	Keywords = {Noun phrase;Syntax;Typology;Attribution},
	Location = {Oxford},
	Publisher = {Oxford University Press},
	Series = {Oxford studies in typology and linguistic theory},
	Title = {The noun phrase},
	Year = {2002}}

@book{wetzer1996,
	Abstract = {Noun phrase},
	Author = {Wetzer, Harrie},
	Bib = {Diss},
	Call-Number = {MR},
	Date-Added = {2008-07-27 12:18:52 +0200},
	Date-Modified = {2014-11-28 11:10:50 +0000},
	Keywords = {Adjective;Parts of speech;Predication},
	Location = {Berlin},
	Number = {17},
	Publisher = {Mouton de Gruyter},
	Series = {Empirical Approaches to Language Typology},
	Title = {The Typology of Adjectival Predication},
	Year = {1996}}

@thesis{derbyshire1979,
	Author = {Derbyshire, Desmond C.},
	Date-Added = {2009-10-22 14:22:06 +0200},
	Date-Modified = {2014-11-28 11:07:12 +0000},
	Institution = {University of London},
	Keywords = {Language description},
	Location = {London},
	Title = {Hixkaryana syntax},
	Type = {phdthesis},
	Year = {1979}}

@article{hengeveld-etal2004,
	Author = {Hengeveld, Kees J. AND Rijkhoff, Jan AND Siewierska, Anna},
	Call-Number = {MR (PDF)},
	Date-Added = {2009-06-26 20:35:13 +0200},
	Date-Modified = {2010-07-19 10:35:47 +0200},
	Journaltitle = {Journal of Linguistics},
	Number = {3},
	Pages = {527-570},
	Title = {Parts-of-speech systems and word order},
	Volume = {40},
	Year = {2004}}

@book{poppe1964,
	Author = {Poppe, Nicholas},
	Date-Added = {2009-06-11 16:23:33 +0200},
	Date-Modified = {2014-11-28 10:10:59 +0000},
	Keywords = {Language description;Turkic},
	Location = {Bloomington},
	Number = {36},
	Publisher = {Indiana University},
	Series = {Uralic and Altaic Series},
	Subtitle = {Descriptive grammar and texts with a {B}ashkir-{E}nglish glossary},
	Title = {Bashkir manual},
	Year = {1964}}

@incollection{testelec1998,
	Author = {Testelets, Yakov G.},
	Booktitle = {Constituent order in the languages of {E}urope},
	Date-Added = {2009-12-03 16:31:50 +0100},
	Date-Modified = {2014-11-28 11:09:51 +0000},
	Editor = {Siewierska, Anna},
	Keywords = {Syntax;Typology;Europe},
	Location = {Berlin},
	Number = {20:1},
	Pages = {649-679},
	Publisher = {Mouton de Gruyter},
	Series = {Empirical Approaches to Language Typology},
	Title = {Word order variation in some {SOV} languages of {E}urope},
	Year = {1998}}

@incollection{kibort2010a,
	Author = {Kibort, Anna},
	Crossref = {kibort-etal2010},
	Date-Added = {2008-08-20 15:40:41 +0200},
	Date-Modified = {2014-12-02 09:23:39 +0000},
	Location = {Oxford},
	Pages = {64-106},
	Title = {Towards a typology of grammatical features},
	Xref = {kibort-etal2010}}

@book{aronoff1994,
	Author = {Aronoff, Mark},
	Date-Added = {2010-06-25 11:03:21 +0200},
	Date-Modified = {2014-11-28 14:03:14 +0000},
	Keywords = {Morphology;Typology},
	Location = {Cambridge},
	Publisher = {MIT Press},
	Subtitle = {Stems and inflectional classes},
	Title = {Morphology by itself},
	Year = {1994}}

@article{corbett1987,
	Abstract = {!kopieren},
	Author = {Corbett, Greville G.},
	Date-Added = {2007-07-16 16:32:35 +0200},
	Date-Modified = {2010-06-26 08:43:01 +0200},
	Journaltitle = {Language},
	Keywords = {Noun phrase;Typology},
	Pages = {299-345},
	Title = {The morphology-syntax interface},
	Volume = {63},
	Year = {1987}}

@incollection{carstairs-mccarthy2000a,
	Author = {Carstairs-McCarthy, Andrew},
	Crossref = {booijETAL2000a},
	Date-Added = {2010-06-26 08:36:07 +0200},
	Date-Modified = {2016-03-21 15:34:37 +0000},
	Pages = {264-272},
	Title = {Category and feature},
	Xref = {booijETAL2000a}}

@book{corbett2006,
	Author = {Corbett, Greville G.},
	Bib = {Diss},
	Call-Number = {MR (PDF, section)},
	Date-Added = {2008-08-21 10:07:30 +0200},
	Date-Modified = {2010-06-25 10:57:03 +0200},
	Keywords = {Noun phrase;Attribution;Syntax;Morphology},
	Location = {Cambridge},
	Publisher = {Cambridge University Press},
	Series = {Cambridge Textbooks in Linguistics},
	Title = {Agreement},
	Year = {2006}}

@article{corbett-etal2006,
	Abstract = {Morphological features characterize variations in morphological form which are independent of syntactic context. They contrast with morphosyntactic features, which characterize variations in form correlated with different syntactic contexts. Morphological features account for formal variation across lexemes (inflectional class), as well as morphosyntactically incoherent alternations within the paradigm of a single lexeme. Such morphological features are not available to the syntax, as is made explicit in the principle of `morphology-free syntax'. Building on work on stress patterns in Network Morphology and on stems in Paradigm Function Morphology, we take initial steps towards a typology of these morphological features. We identify four types: inflectional class features (affixal and prosodic), stem indexing features, syncretic index features and morphophonological features. Then we offer a first list of criteria for distinguishing them from morphosyntactic features (independently of the principle of morphology-free syntax). Finally we review the arguments demonstrating the need to recognize morphological features.},
	Author = {Corbett, Greville G. and Baerman, Matthew},
	Call-Number = {MR (copy)},
	Date-Added = {2008-07-27 12:18:52 +0200},
	Date-Modified = {2010-07-19 10:14:57 +0200},
	Journaltitle = {Morphology},
	Keywords = {Morphology;Morphosyntax;Typology;Inflection},
	Number = {2},
	Pages = {231-246},
	Title = {Prolegomena to a typology of morphological features},
	Volume = {16},
	Year = {2006}}

@incollection{bickel-etal2007,
	Author = {Bickel, Balthasar and Nichols, Johanna},
	Booktitle = {Grammatical Categories and the Lexicon},
	Date-Added = {2008-07-27 12:18:52 +0200},
	Date-Modified = {2014-11-28 14:02:48 +0000},
	Edition = {2},
	Editor = {Shopen, Timothy},
	Keywords = {Morphology;Typology},
	Location = {Cambridge},
	Maintitle = {Language typology and syntactic description},
	Pages = {169-240},
	Publisher = {Cambridge University Press},
	Title = {Inflectional morphology},
	Volume = {3},
	Year = {2007}}

@incollection{kibort2008a,
	Author = {Anna Kibort},
	Booktitle = {Grammatical Features},
	Date-Added = {2008-08-24 16:48:01 +0200},
	Date-Modified = {2016-05-28 08:05:37 +0000},
	Editor = {Anna Kibort AND Greville G. Corbett},
	Lastchecked = {2014-02-16},
	Publisher = {Surrey Morphology Group},
	Title = {A typology of grammatical features},
	Url = {http://www.grammaticalfeatures.net/inventory.html},
	Urldate = {2014-02-16},
	Year = {2008+}}

@book{buchholz-etal1987,
	Author = {Buchholz, Oda and Fiedler, Wilfried},
	Bib = {Diss},
	Date-Added = {2008-07-27 12:18:52 +0200},
	Date-Modified = {2010-07-19 09:18:06 +0200},
	Keywords = {Language description},
	Location = {Leipzig},
	Publisher = {Enzyklop{\"a}die},
	Title = {Albanische {G}rammatik},
	Year = {1987}}

@book{beyer-etal1987,
	Author = {Beyer, Arthur AND Bochmann, Klaus AND Bronsert, Siegfried},
	Date-Added = {2008-07-27 12:18:52 +0200},
	Date-Modified = {2009-05-17 13:28:44 +0200},
	Keywords = {Rumanian;Language description;IE;Northern Eurasia;Europe},
	Location = {Leipzig},
	Publisher = {Enzyklop{\"a}die},
	Title = {Grammatik der rum{\"a}nischen {S}prache der {G}egenwart},
	Year = {1987}}

@book{holm-etal1970,
	Author = {Holm, Britta AND Elizabeth Nylund},
	Date-Added = {2010-06-26 09:19:03 +0200},
	Date-Modified = {2010-06-26 09:20:09 +0200},
	Keywords = {Language description;North Germanic},
	Location = {Stockholm},
	Publisher = {Skriptor},
	Title = {Deskriptiv svensk grammatik},
	Year = {1970}}

@article{itkonen-t1980a,
	Author = {Itkonen, Terho},
	Date-Added = {2014-11-26 11:57:17 +0000},
	Date-Modified = {2014-11-26 11:57:17 +0000},
	Journaltitle = {Viritt{\"a}j{\"a}},
	Keywords = {Finnish,North-Germanic,definiteness,noun phrase,semantics,morphology},
	Pages = {27-38},
	Title = {Spesies suomessa ja germaanisissa kieliss{\"a}},
	Volume = {84},
	Year = {1980}}

@book{mahootian1997,
	Author = {Mahootian, Shahrzad},
	Date-Added = {2007-07-19 04:26:11 +0200},
	Date-Modified = {2009-03-18 09:55:37 +0200},
	Keywords = {Language description; Persian},
	Location = {London},
	Publisher = {Routledge},
	Series = {Descriptive grammars},
	Title = {Persian},
	Year = {1997}}

@book{melcuk2006,
	Abstract = {Noun phrase: Russian genitive in numeral phrases p.158 Noun phrase: Nominal agreement p.159 syntactic cases vs. semantic cases syntax-morphology interface typology of morphological processes},
	Author = {Mel'{\v c}uk, Igor},
	Bib = {Diss},
	Call-Number = {StaBi},
	Date-Added = {2008-07-27 12:18:52 +0200},
	Date-Modified = {2014-11-28 13:56:03 +0000},
	Editor = {David Beck},
	Keywords = {Morphology;Syntax},
	Location = {Berlin},
	Number = {146},
	Publisher = {Mouton de Gruyter},
	Series = {Trends in linguistics. Studies and Monographs},
	Title = {Aspects of the theory of morphology},
	Year = {2006}}

@incollection{croft1995,
	Abstract = {scetch of a typology of genitive constructions},
	Author = {Croft, William},
	Booktitle = {Approaches to language typology},
	Call-Number = {MR},
	Date-Added = {2008-07-27 12:18:52 +0200},
	Date-Modified = {2010-01-04 18:09:25 +0100},
	Editor = {Masayoshi Shibatani AND Theodora Bynon},
	Keywords = {Attribution; Noun phrase;},
	Location = {Oxford},
	Pages = {85-145},
	Publisher = {Clarendon Press},
	Title = {Modern syntactic typology},
	Year = {1995}}

@incollection{AUTOTYP-NP,
	Author = {Bickel, Balthasar AND Nichols, Johanna AND Michael Rie{{\ss}}ler},
	Bib = {Diss},
	Booktitle = {Autotyp},
	Date-Added = {2009-10-21 13:48:57 +0200},
	Date-Modified = {2010-07-19 11:11:37 +0200},
	Editor = {Balthasar Bickel AND Johanna Nickols},
	Keywords = {Typology;Database;Noun phrase;Syntax},
	Lastchecked = {2010-06-10},
	Publisher = {Universit{\"a}t Leipzig},
	Title = {{NP} structures},
	Url = {http://www.uni-leipzig.de/~autotyp/projects/nps/nps.html},
	Year = {2001-2010}}

@book{karlsson1999,
	Author = {Karlsson, Fred},
	Date-Added = {2009-06-08 14:49:26 +0200},
	Date-Modified = {2016-04-08 09:55:10 +0000},
	Location = {London},
	Publisher = {Routledge},
	Series = {Routledge grammars},
	Subtitle = {An essential grammar},
	Title = {Finnish},
	Year = {1999}}

@incollection{volodin1997,
	Author = {Aleksandr P. Volodin},
	Booktitle = {Paleoaziatskie jazyki},
	Call-Number = {MR (copy)},
	Date-Added = {2008-09-21 12:56:39 +0200},
	Date-Modified = {2016-05-28 09:48:02 +0000},
	Editor = {Jarceva, Viktorija N.},
	Keywords = {Language description;Northern Eurasia},
	Location = {Moskva},
	Pages = {60-71},
	Publisher = {Indrik},
	Series = {Jazyki mira},
	Title = {Itel'menskij jazyk},
	Year = {1997}}

@incollection{lytkin1966a,
	Author = {Lytkin, Vasilij I.},
	Booktitle = {Finno-ugorskie i samodijskie jazyki},
	Call-Number = {MR},
	Date-Added = {2007-07-10 10:49:01 +0200},
	Date-Modified = {2014-11-26 12:59:59 +0000},
	Editor = {Lytkin, Vasilij I. AND Majtinskaja, Klara E.},
	Keywords = {Language description;Komi;Uralic},
	Location = {Moskva},
	Maintitle = {Jazyki narodov {SSSR}},
	Pages = {281-299},
	Publisher = {Nauka},
	Title = {Komi-{Z}yrjanskij jazyk},
	Volume = {3},
	Year = {1966}}

@book{refsing1986,
	Author = {Kirsten Refsing},
	Date-Added = {2008-09-20 15:48:36 +0200},
	Date-Modified = {2016-03-22 16:55:24 +0000},
	Keywords = {Language description},
	Location = {Aarhus},
	Publisher = {University Press},
	Subtitle = {The morphology and syntax of the {S}hizunai dialect},
	Title = {The {A}inu language},
	Year = {1986}}

@incollection{jachontova1997,
	Abstract = {ЯХОНТОВА, НАТАЛИЯ СЕРГЕЕВНА},
	Author = {Jachontova, Natalija S.},
	Crossref = {alpatovEtAl1997a},
	Date-Added = {2008-09-21 19:51:10 +0200},
	Date-Modified = {2016-03-21 15:46:14 +0000},
	Pages = {10-18},
	Title = {Mongol'skie jazyki},
	Xref = {alpatovEtAl1997a}}

@book{larsson1929,
	Abstract = {incorporation of a possessor: pappa-bok-a (p.124)},
	Author = {Larsson, Seth},
	Date-Added = {2008-01-07 16:51:16 +0100},
	Date-Modified = {2010-01-05 11:10:29 +0100},
	Location = {Uppsala},
	Publisher = {Appelberg},
	Title = {{Substantivb{\"o}jningen i {V}{\"a}sterbottens folkm{\aa}l}},
	Year = {1929}}

@incollection{sandstrom-etal2003,
	Author = {Sandstr{\"o}m, G{\"o}ran AND Holmberg, Anders},
	Crossref = {vangsnesEtAl2003a},
	Date-Added = {2008-07-27 12:18:52 +0200},
	Date-Modified = {2016-04-08 09:44:42 +0000},
	Origdate = {1996},
	Pages = {99-111},
	Title = {Ett polysyntetiskt drag i svenska dialekter},
	Xref = {vangsnesEtAl2003a}}

@book{julien2005,
	Author = {Julien, Marit},
	Date-Added = {2008-07-27 12:18:52 +0200},
	Date-Modified = {2016-03-30 12:49:37 +0000},
	Keywords = {Noun phrase; North Germanic},
	Location = {Amsterdam},
	Number = {87},
	Publisher = {John Benjamins},
	Series = {Linguistik Aktuell},
	Title = {Nominal phrases from a {S}candinavian perspective},
	Year = {2005}}

@incollection{dahl2003,
	Author = {Dahl, {\"O}sten},
	Booksubtitle = {Dialect grammar from a cross-linguistic perspective},
	Booktitle = {Dialectology meets typology},
	Call-Number = {MR (copy);MR (PDF)},
	Date-Added = {2008-07-27 12:18:52 +0200},
	Date-Modified = {2016-03-30 12:39:01 +0000},
	Editor = {Kortmann, Bernd},
	Keywords = {Noun phrase;Attribution;Article;North Germanic},
	Location = {Berlin},
	Number = {153},
	Pages = {147-180},
	Publisher = {Mouton de Gruyter},
	Series = {Trends in Linguistics. Studies and Monographs},
	Subtitle = {Competing grammaticalization processes in standard and non-standard varieties},
	Title = {Definite articles in {S}candinavian},
	Year = {2003}}

@incollection{steele1978,
	Author = {Steele, Susan},
	Booktitle = {Syntax},
	Date-Added = {2009-04-17 10:50:39 +0200},
	Date-Modified = {2016-05-27 15:29:36 +0000},
	Editor = {Joseph H. Greenberg AND Charles A. Ferguson AND Edith A. Moravcsik},
	Location = {Stanford},
	Maintitle = {Universals of human language 4},
	Pages = {585-623},
	Publisher = {Stanford University Press},
	Subtitle = {A typological study},
	Title = {Word order variation},
	Year = {1978}}

@book{janas1976,
	Author = {Jana{\v s}, P{\v e}tr},
	Date-Added = {2009-01-27 18:01:00 +0200},
	Date-Modified = {2016-03-22 16:43:16 +0000},
	Keywords = {Language description},
	Location = {Bautzen},
	Publisher = {Domowina},
	Subtitle = {F{\"u}r den Gebrauch der Sorbischen Erweiterten Oberschule},
	Title = {Niedersorbische Grammatik},
	Year = {1976}}

@article{melcuk1993,
	Author = {Mel'{\v c}uk, Igor},
	Bib = {Diss},
	Date-Added = {2009-04-17 11:20:19 +0200},
	Date-Modified = {2009-04-17 11:23:36 +0200},
	Journaltitle = {Lingvisticae Investigationes},
	Keywords = {Noun phrase},
	Pages = {307-372},
	Title = {Agreement, government, congruence},
	Volume = {17},
	Year = {1993}}

@book{kress1982,
	Author = {Kress, Bruno},
	Call-Number = {MR},
	Date-Added = {2008-07-27 12:18:52 +0200},
	Date-Modified = {2009-06-19 13:59:54 +0200},
	Keywords = {Language description;North Germanic;Icelandic},
	Location = {Leipzig},
	Publisher = {Enzyklop{\"a}die},
	Title = {Isl{\"a}ndische {G}rammatik},
	Year = {1982}}

@incollection{comrie1998,
	Author = {Comrie, Bernard},
	Crossref = {ramatEtAl1998a},
	Date-Added = {2008-01-07 16:48:35 +0100},
	Date-Modified = {2016-03-22 17:11:25 +0000},
	Pages = {74-97},
	Subtitle = {Genetic and typological perspectives},
	Title = {The {I}ndo-{E}uropean linguistic family},
	Xref = {ramatEtAl1998a}}

@incollection{nichols1994a,
	Author = {Nichols, Johanna},
	Booktitle = {The {N}orth {E}ast {C}aucasian languages 2},
	Call-Number = {MR (copy part)},
	Date-Added = {2009-06-05 12:33:56 +0200},
	Date-Modified = {2010-01-04 16:03:30 +0100},
	Editor = {Rieks Smeets},
	Keywords = {Language description},
	Location = {Delmar},
	Pages = {1-77},
	Publisher = {Caravan Books},
	Series = {The indigenous languages of the {C}aucasus},
	Title = {Chechen},
	Volume = {4},
	Year = {1994}}

@book{malchukov2000,
	Author = {Malchukov, Andrej L.},
	Date-Added = {2008-01-07 16:46:47 +0100},
	Date-Modified = {2016-04-08 09:54:31 +0000},
	Location = {M{\"u}nchen},
	Number = {3},
	Publisher = {LINCOM Europa},
	Series = {LINCOM Studies in Language Typology},
	Subtitle = {Towards a typology},
	Title = {Dependency reversal in noun-attributive constructions},
	Year = {2000}}

@article{ross1998,
	Author = {Ross, Malcolm},
	Date-Added = {2008-07-27 12:18:52 +0200},
	Date-Modified = {2009-05-16 13:32:51 +0200},
	Journaltitle = {Oceanic Linguistics},
	Keywords = {Noun phrase; Adjective;Possession;Typology},
	Number = {2},
	Pages = {234-276},
	Title = {Possessive like attributive constructions in the {O}ceanic languages of {N}orthwest {M}elanesia},
	Volume = {37},
	Year = {1998}}

@book{mosel1994,
	Author = {Mosel, Ulrike},
	Bib = {Diss},
	Call-Number = {MR (copy)},
	Date-Added = {2008-01-07 16:53:41 +0100},
	Date-Modified = {2009-06-16 21:41:27 +0200},
	Keywords = {Language description},
	Location = {M{\"u}nchen},
	Number = {31},
	Publisher = {LINCOM Europa},
	Series = {Languages of the World/Materials},
	Title = {Saliba},
	Year = {1994}}

@book{margetts1999,
	Abstract = {with a grammatical sketch},
	Author = {Margetts, Anna},
	Bib = {Diss},
	Date-Added = {2008-07-27 12:18:52 +0200},
	Date-Modified = {2011-01-31 16:16:27 +0100},
	Keywords = {Language description},
	Location = {Nijmegen},
	Publisher = {Max Planck Institute for Psycholinguistics},
	Series = {MPI Series in Psycholinguistics},
	Title = {Valence and transitivity in {S}aliba, an {O}ceanic language of {P}apua {N}ew {G}uinea},
	Year = {1999}}

@book{ortmann2002b,
	Author = {Ortmann, Albert},
	Date-Added = {2008-07-27 12:18:52 +0200},
	Date-Modified = {2016-03-21 15:47:43 +0000},
	Keywords = {Attribution; Noun phrase; Morphology},
	Location = {T{\"u}bingen},
	Number = {458},
	Publisher = {Niemeyer},
	Series = {Linguistische Arbeiten},
	Subtitle = {Schnittstellen und {{\"O}}konomie},
	Title = {Kategorien des {N}omens},
	Year = {2002}}

@incollection{schroder2002,
	Author = {Schroeder, Christoph},
	Bib = {Diss},
	Booksubtitle = {Festschrift {W}infried {B}oeder zum 65. {G}eburtstag},
	Booktitle = {Philologie, {T}ypologie und {S}prachstruktur},
	Call-Number = {MR (copy)},
	Date-Added = {2007-12-02 11:04:29 +0100},
	Date-Modified = {2010-02-15 12:03:13 +0100},
	Editor = {W. Bublitz AND M. von Roncador AND H. Vater},
	Keywords = {Noun phrase;Attribution},
	Location = {Frankfurt am Main},
	Pages = {191-210},
	Publisher = {Peter Lang},
	Title = {Zur {N}ominalphrasenstruktur des {K}irmancı̂},
	Year = {2002}}

@incollection{riesler2006b,
	Author = {Michael Rie{{\ss}}ler},
	Bib = {Diss},
	Booksubtitle = {Livet i samernas bos{\"a}ttningsomr{\aa}de f{\"o}r ett tusen {\aa}r sedan},
	Booktitle = {S{\'a}pmi {Y1K}},
	Date-Added = {2008-01-03 17:18:59 +0100},
	Date-Modified = {2008-09-17 21:05:35 +0200},
	Editor = {Amft, Andrea AND Svonni, Mikael},
	Location = {Ume{\aa}},
	Pages = {135-150},
	Publisher = {Ume{\aa} universitet},
	Title = {On samiskans attributiva adjektivform},
	Year = {2006}}

@thesis{mendoza2004,
	Author = {Imke Mendoza},
	Call-Number = {MR (PDF)},
	Date-Added = {2008-01-04 15:08:26 +0100},
	Date-Modified = {2010-07-19 11:15:14 +0200},
	Institution = {Ludwig-Maximilians-Universit{\"a}t M{\"u}nchen},
	Keywords = {Noun phrase; Definiteness},
	Language = {Polish; Slavic},
	Location = {M{\"u}nchen},
	Subtitle = {Die prim{\"a}ren {A}usdrucksmittel},
	Title = {Nominaldetermination im {P}olnischen},
	Type = {Habilitationsschrift im Fach Slavische Philologie},
	Year = {2004}}

@book{melcuk1998,
	Author = {Mel'{\v c}uk, Igor},
	Date-Added = {2007-12-02 17:19:27 +0100},
	Date-Modified = {2016-05-28 10:21:12 +0000},
	Location = {Moskva},
	Publisher = {Jazyki Russkoj Kul'tury},
	Subtitle = {2. Morfologi{\v c}eskie zna{\v c}enija},
	Title = {Kurs ob{\v s}{\v c}ej morfologii},
	Year = {1998}}

@article{wissemann1958,
	Author = {Wissemann, Heinz},
	Call-Number = {MR (copy)},
	Date-Added = {2008-01-04 12:25:11 +0100},
	Date-Modified = {2016-05-25 15:09:31 +0000},
	Journaltitle = {Indogermanische Forschungen},
	Keywords = {Noun phrase; Attribution; Adjective; Definiteness},
	Number = {1},
	Pages = {61-78},
	Subtitle = {Die {G}rundfunktion des bestimmten {A}djektivs im {B}altischen und {S}lavischen},
	Title = {Zur nominalen {D}etermination I},
	Volume = {63},
	Year = {1958}}

@book{kramsky1972,
	Author = {Kr{\'a}msk{\'y}, Ji{\v r}ı́},
	Bib = {Diss},
	Call-Number = {MR (copy)},
	Date-Added = {2008-01-04 12:54:40 +0100},
	Date-Modified = {2009-05-17 13:36:39 +0200},
	Keywords = {Noun phrase;Definiteness;Typology;Attribution},
	Location = {The Hague},
	Publisher = {Mouton},
	Title = {The article and the concept of definiteness in language},
	Year = {1972}}

@incollection{trost1966,
	Author = {Pavel Trost},
	Booktitle = {{Prof. dr. Antonı́nu Dost{\'a}lovi, DrSc., k 60. narozenin{\'a}m}},
	Date-Added = {2008-01-04 13:42:52 +0100},
	Date-Modified = {2008-01-04 13:46:35 +0100},
	Editor = {Zde{\v n}ka Havr{\'a}nkov{\'a} AND Jaroslav Popela},
	Location = {Praha},
	Number = {10},
	Pages = {35-38},
	Publisher = {Universita Karlova},
	Series = {Bulletin {\'U}stavu rusk{\'e}ho jazyka a literatury},
	Title = {{O slo{\v z}en{\'e}m adjektivu baltoslovansk{\'e}m}},
	Year = {1966}}

@thesis{zwarts2003,
	Address = {Utrecht},
	Author = {Zwarts, Joost},
	Bib = {Diss},
	Date-Added = {2007-10-05 11:11:56 +0200},
	Date-Modified = {2014-12-02 09:31:14 +0000},
	Institution = {Universiteit Utrecht},
	Keywords = {Phonology;Language description},
	Location = {Utrecht},
	School = {Utrecht Institute of Linguistics},
	Subtitle = {A {S}outhern {N}ilotic language of {K}enya},
	Title = {The phonology of {E}ndo},
	Type = {phdthesis},
	Year = {2003}}

@book{li-etal1981,
	Author = {Charles N. Li AND Sandra A. Thompsen},
	Date-Added = {2009-06-19 11:10:00 +0200},
	Date-Modified = {2016-03-22 16:51:48 +0000},
	Keywords = {Language description},
	Location = {Berkeley},
	Publisher = {University of California Press},
	Subtitle = {A functional reference grammar},
	Title = {Mandarin {C}hinese},
	Year = {1981}}

@incollection{dryer2007,
	Abstract = {This unique three-volume survey brings together a team of leading scholars to explore the syntactic and morphological structures of the world's languages. Clearly organized and broad-ranging, it covers topics such as parts-of-speech, passives, complementation, relative clauses, adverbial clauses, inflectional morphology, tense, aspect, mood and diexis. The contributors look at the major ways that these notions are realized, and provide informative sketches of them at work in a range of languages. Each volume is accessibly written and clearly explains each new concept introduced. Although the volumes can be read independently, together they provide an indispensable reference work for all linguists and fieldworkers interested in cross-linguistic generalizations. Most of the chapters in the second edition are substantially revised or completely new - some on topics not covered by the first edition. Volume I: Clause structure; Volume II: Complex Constructions; Volume III: Grammatical Categories and the Lexicon},
	Author = {Dryer, Matthew S.},
	Booktitle = {Complex constructions, language typology and syntactic description},
	Call-Number = {MR (copy)},
	Date-Added = {2009-10-20 10:27:36 +0200},
	Date-Modified = {2016-05-27 16:16:15 +0000},
	Edition = {2},
	Editor = {Shopen, Timothy},
	Keywords = {Typology;Noun phrase},
	Location = {Cambridge},
	Pages = {151-205},
	Publisher = {Cambridge University Press},
	Series = {Language typology and syntactic description},
	Title = {Noun phrase structure},
	Volume = {2},
	Year = {2007}}

@book{himmelmann1997,
	Author = {Himmelmann, Nikolaus P.},
	Date-Added = {2008-01-06 15:54:19 +0100},
	Date-Modified = {2016-03-22 17:02:58 +0000},
	Keywords = {Noun phrase; Grammaticalization;Attribution;Typology},
	Location = {T{\"u}bingen},
	Number = {362},
	Publisher = {Niemeyer},
	Series = {Linguistische Arbeiten},
	Subtitle = {Zur Emergenz syntaktischer Struktur},
	Title = {Deiktikon, Artikel, Nominalphrase},
	Year = {1997}}

@book{lehmann1984,
	Author = {Lehmann, Christian},
	Date-Added = {2008-07-27 12:18:52 +0200},
	Date-Modified = {2016-03-22 16:53:03 +0000},
	Keywords = {Noun phrase;Relative clause;Attribution;Typology},
	Location = {T{\"u}bingen},
	Number = {3},
	Publisher = {Narr},
	Series = {Language Universals Series},
	Subtitle = {Typologie seiner Strukturen. Theorie seiner Funktionen. Kompendium seiner Grammatik},
	Title = {Der Relativsatz},
	Year = {1984}}

@article{dryer1989a,
	Author = {Dryer, Matthew S.},
	Date-Added = {2008-07-27 12:18:52 +0200},
	Date-Modified = {2010-01-05 09:56:44 +0100},
	Journaltitle = {Chicago Linguistic Society},
	Keywords = {Noun phrase;Article;Word order;Syntax},
	Pages = {83-97},
	Title = {Article-noun order},
	Volume = {25},
	Year = {1989}}

@book{gamillscheg1937,
	Author = {Gamillscheg, Ernst},
	Bib = {Diss},
	Call-Number = {MR (copy)},
	Date-Added = {2009-04-17 15:05:19 +0200},
	Date-Modified = {2014-11-26 13:01:10 +0000},
	Keywords = {Noun phrase;Historical linguistics;Indoeuropean},
	Location = {Berlin},
	Number = {1936:27},
	Publisher = {Akademie der Wissenschaften},
	Series = {Sitzungsberichte der Preu{{\ss}}ischen Akademie der Wissenschaften. Philosophisch-historische Klasse},
	Title = {{Zum romanischen Artikel und Possessivpronomen}},
	Year = {1937}}

@incollection{jacobs-etal1994,
	Author = {Jacobs, Neil G. AND Prince, Ellen F. AND van der Auwera, Johan},
	Booktitle = {The {G}ermanic languages},
	Date-Added = {2008-07-27 12:18:52 +0200},
	Date-Modified = {2016-05-27 16:12:50 +0000},
	Editor = {K{\"o}nig, Ekkehard},
	Location = {Cambridge},
	Pages = {388-419},
	Publisher = {Cambridge University Press},
	Series = {Cambridge Language Surveys},
	Title = {Yiddish},
	Year = {1994}}

@incollection{plank2003,
	Abstract = {Abstract: The result of over five years of close collaboration among an international group of leading typologists within the EUROTYP program, this volume is about the morphology and syntax of the noun phrase. Particular attention is paid to nominal inflectional categories and inflectional systems and to the syntax of determination, modification, and conjunction. Its areal focus, like that of other EUROTYP volumes, is on the languages of Europe; but in order to appreciate what is peculiarly European about their noun phrases, a more comprehensive and genuinely typological view is taken at the full range of cross-linguistic variation within this structural domain. There has been no shortage lately of contributions to the theory of noun phrase structure; the present volume is, however, unique in the extent to which its theorizing is empirically grounded. Contributors Abbreviations I. Introduction Frans Plank Noun phrase structure: an und fII. On inflection Aleksandr E. Kibrik Nominal inflection galore: Daghestanian, with side glances at Europe and the world Edith Moravcsik Inflectional morphology in the Hungarian noun phrase: A typological assessment Frans Plank The selective elaboration of nominal or pronominal inflection Greville G. Corbett Types of typology, illustrated from gender systems III. On (over-)determination Frans Plank Double articulation Edith Moravcsik Non-compositional definiteness marking in Hungarian noun phrases David Gil English goes Asian: Number and (in)definiteness in the Singlish noun phrase Maria Koptjevskaja-Tamm A woman of sin, a man of duty, and a hell of a mess: Non-determiner genitives in Swedish IV. On amplification James R. Hurford The interaction between numerals and nouns Maria Koptjevskaja-Tamm Possessive noun phrases in the languages of Europe Maria Koptjevskaja-Tamm Action nominal constructions in the languages of Europe Leon Stassen Noun phrase conjunction: The coordinative and the comitative strategy},
	Author = {Plank, Frans},
	Booktitle = {Noun Phrase Structure in the Languages of {E}urope},
	Date-Added = {2008-07-27 12:18:52 +0200},
	Date-Modified = {2016-05-27 15:42:37 +0000},
	Editor = {Plank, Frans},
	Location = {Berlin},
	Number = {20-7},
	Pages = {337-395},
	Publisher = {Mouton de Gruyter},
	Series = {Empirical Approaches to Language Typology/EUROTYP},
	Title = {Double articulation},
	Year = {2003}}

@book{ruge1986,
	Author = {Ruge, Hans},
	Bib = {Diss},
	Date-Added = {2008-07-27 12:18:52 +0200},
	Date-Modified = {2016-03-22 16:55:35 +0000},
	Keywords = {Language description;Indoeuropean;Hellenic},
	Location = {K{\"o}ln},
	Publisher = {Romiosini},
	Subtitle = {Lautlehre, Formenlehre, Syntax},
	Title = {Grammatik des Neugriechischen},
	Year = {1986}}

@incollection{whorf1946,
	Abstract = {p. 162 on preaspiration},
	Author = {Whorf, Benjamin L.},
	Bib = {Diss},
	Booktitle = {Linguistic structures of {N}ative {A}merica},
	Date-Added = {2008-01-07 16:40:33 +0100},
	Date-Modified = {2016-05-26 16:07:02 +0000},
	Editor = {Cornelius Osgood AND Harry Hoijer},
	Location = {New York},
	Number = {6},
	Pages = {158-183},
	Publisher = {Viking Fund},
	Series = {Viking Fund Publications in Anthropology},
	Title = {The {H}opi language, {T}oreva dialect},
	Year = {1946}}

@phdthesis{rubin1994,
	Abstract = {!! Noun modification in Mandarin Chinese, Romanian, Tagalog},
	Author = {Rubin, Edward J.},
	Date-Added = {2008-01-07 16:44:29 +0100},
	Date-Modified = {2016-03-22 17:01:11 +0000},
	Location = {Ithaca},
	School = {Cornell University},
	Subtitle = {A syntactic analysis and its consequences},
	Title = {Modification},
	Year = {1994}}

@incollection{gil2005,
	Author = {Gil, David},
	Bib = {Diss},
	Booktitle = {The world atlas of language structures online},
	Date-Added = {2009-05-13 10:25:57 +0200},
	Date-Modified = {2010-07-19 10:25:18 +0200},
	Editor = {Haspelmath, Martin AND Dryer, Matthew S. AND Gil, David AND Comrie, Bernard},
	Keywords = {Typology;Database;Noun phrase;Attribution},
	Lastchecked = {2009-04-19},
	Location = {M{\"u}nchen},
	Publisher = {Max Planck Digital Library},
	Title = {Genitives, adjectives and relative clauses},
	Url = {http://wals.info/feature/description/60/},
	Year = {2005}}

@incollection{haspelmath2003,
	Author = {Haspelmath, Martin},
	Booktitle = {The new psychology of language},
	Call-Number = {MR (PDF)},
	Date-Added = {2009-05-31 13:40:29 +0200},
	Date-Modified = {2016-04-08 09:31:46 +0000},
	Editor = {Tomasello, Michael},
	Keywords = {Typology},
	Location = {Mahwah},
	Pages = {211-242},
	Publisher = {Erlbaum},
	Subtitle = {Semantic maps and cross linguistic comparison},
	Title = {The geometry of grammatical meaning},
	Volume = {2},
	Year = {2003}}

@article{foley1980,
	Author = {Foley, William A.},
	Call-Number = {MR (copy)},
	Date-Added = {2008-07-27 12:18:52 +0200},
	Date-Modified = {2009-12-08 12:34:19 +0100},
	Journaltitle = {Studies in Language},
	Keywords = {Syntax;Noun phrase;Typology},
	Notes = {!Diss},
	Number = {2},
	Pages = {171-199},
	Title = {Towards a universal typology of the noun phrase},
	Volume = {4},
	Year = {1980}}

@incollection{bickel1999,
	Author = {Bickel, Balthasar},
	Booktitle = {Topics in {N}epalese Linguistics},
	Date-Added = {2010-06-25 21:13:05 +0200},
	Date-Modified = {2010-07-18 20:04:17 +0200},
	Editor = {Yogendra P. Yadava AND Warren G. Glover},
	Keywords = {Noun phrase},
	Location = {Kathmandu},
	Pages = {271-296},
	Publisher = {Royal Nepal Academy},
	Title = {Nominalization and focus constructions in some {K}iranti languages},
	Year = {1999}}

@book{matisoff1973,
	Author = {Matisoff, James A.},
	Date-Added = {2009-10-24 22:11:03 +0200},
	Date-Modified = {2009-10-24 22:12:20 +0200},
	Keywords = {language description},
	Location = {Berkeley},
	Number = {75},
	Publisher = {University of California Press},
	Series = {University of California Publications in Linguistics},
	Title = {The Grammar of {L}ahu},
	Year = {1973}}

@inproceedings{salminen2007,
	Author = {Tapani Salminen},
	Booktitle = {Encyclopedia of the world's endangered languages},
	Date-Added = {2007-10-15 11:56:04 +0200},
	Date-Modified = {2009-04-09 14:40:46 +0200},
	Editor = {Christopher Moseley},
	Keywords = {Typology;Sociolinguistics;Historical linguistics},
	Location = {London},
	Pages = {211-280},
	Publisher = {Routledge},
	Title = {Europe and {N}orth {A}sia},
	Year = {2007}}

@online{bibiko2005,
	Author = {Bibiko, Hans-J{\"o}rg},
	Bib = {Diss},
	Date-Added = {2009-04-19 12:03:12 +0200},
	Date-Modified = {2009-06-09 12:44:20 +0200},
	Lastchecked = {2015-04-19},
	Title = {The interactive reference tool for the {World Atlas of Language Structures}},
	Url = {http://www.eva.mpg.de/lingua/research/tool.php},
	Year = {2005}}

@online{AUTOTYP,
	Author = {Bickel, Balthasar AND Nichols, Johanna},
	Bib = {Diss},
	Date-Added = {2009-04-19 12:21:38 +0200},
	Date-Modified = {2010-06-25 12:16:29 +0200},
	Keywords = {Typology;Database},
	Lastchecked = {2009-10-19},
	Publisher = {Universit{\"a}t Leipzig},
	Title = {Autotyp},
	Url = {http://www.uni-leipzig.de/~autotyp/},
	Year = {2001-2010}}

@article{van-pottelberge2001,
	Author = {Van Pottelberge, Jeroen},
	Date-Added = {2009-04-19 12:54:11 +0200},
	Date-Modified = {2016-04-08 09:53:44 +0000},
	Journaltitle = {Linguistik online},
	Keywords = {Typology;Contact linguistics;Areal typology},
	Lastchecked = {2009-04-19},
	Subtitle = {Beschreiben sie Sprachen oder Linguisten?},
	Title = {Sprachb{\"u}nde},
	Url = {http://www.linguistik-online.de/1_01/VanPottelberge.html},
	Volume = {8},
	Year = {2001}}

@book{de-reuse1994,
	Abstract = {(Saami loanword): one loan relating to reindeer-herding, from Saamis brought to Alaska as herders (Grant, Handout at LWT, EVA-MPI 4 Febr 05)},
	Author = {de Reuse, Willem Joseph},
	Date-Added = {2008-07-27 12:18:52 +0200},
	Date-Modified = {2016-03-21 15:49:35 +0000},
	Location = {Salt Lake City},
	Publisher = {University of Utah Press},
	Series = {Studies in the Indigenous languages of the Americas},
	Subtitle = {The language and its contacts with {C}hukchi},
	Title = {Siberian {Y}upik {E}skimo},
	Year = {1994}}

@book{skorik1960,
	Author = {Petr Ja. Skorik},
	Date-Added = {2008-09-20 18:30:59 +0200},
	Date-Modified = {2016-03-22 16:42:10 +0000},
	Keywords = {Language description;Northern Eurasia},
	Location = {Moskva},
	Publisher = {Nauka},
	Subtitle = {Fonetika i morfologija imennych {\v c}astej re{\v c}i},
	Title = {Grammatika {\v c}ukotskogo jazyka},
	Year = {1960}}

@book{nagayama2003,
	Author = {Yukari Nagayama},
	Date-Added = {2008-07-27 12:18:52 +0200},
	Date-Modified = {2016-04-08 09:33:54 +0000},
	Location = {Osaka},
	Number = {A2/038},
	Publisher = {ELPR},
	Series = {Endangered Languages of the Pacific Rim Publications Series},
	Title = {Grammatical outline of {A}lutor},
	Year = {2003}}

@book{comrie1981,
	Author = {Bernard Comrie},
	Date-Added = {2008-07-27 12:18:52 +0200},
	Date-Modified = {2011-01-31 16:06:23 +0100},
	Keywords = {Language description;Areal Typology;Contact linguistics;Northern Eurasia},
	Location = {Cambridge},
	Publisher = {Cambridge University Press},
	Series = {Cambridge Language Surveys},
	Title = {The languages of the {S}oviet {U}nion},
	Year = {1981}}

@book{kampfe-etal1995,
	Author = {Hans-Rainer K{\"a}mpfe AND Alexander P. Volodin},
	Date-Added = {2008-09-20 21:21:35 +0200},
	Date-Modified = {2016-05-28 09:46:06 +0000},
	Keywords = {Language description;Northern Eurasia},
	Location = {Wiesbaden},
	Number = {1},
	Publisher = {Harrassowitz},
	Series = {Tunguso Sibirica},
	Title = {Abri{{\ss}} der tschuktischen {G}rammatik auf der {B}asis der {S}chriftsprache},
	Year = {1995}}

@book{kibrik-etal2000,
	Author = {Aleksandr E. Kibrik AND Sandro V. Kodzasov AND Irina A. Murav'eva},
	Author-Translation = {Aleksandr Evgen'evi{\v c} Kibrikevi{\v c} Kibrik;Sandro Vasil'evi{\v c} Kodzasov;Irina Anatol'evna Murav'eva},
	Date-Added = {2008-07-27 12:18:52 +0200},
	Date-Modified = {2010-02-15 09:26:08 +0100},
	Keywords = {Language description;Northern Eurasia},
	Location = {Moskva},
	Publisher = {Nasledie},
	Title = {{Jazyk i fol'klor aljutorcev}},
	Year = {2000}}

@incollection{bogoras1922,
	Author = {Waldemar Bogoras},
	Booktitle = {Handbook of the {A}merican {I}ndian languages. 2},
	Date-Added = {2008-09-20 18:15:19 +0200},
	Date-Modified = {2010-07-19 09:15:53 +0200},
	Editor = {Franz Boas},
	Keywords = {Language description;Northern Eurasia},
	Location = {Washington, D. C.},
	Number = {40},
	Pages = {631-903},
	Publisher = {Bureau of American Ethnology},
	Series = {Bulletin of the Smithonian Institute},
	Title = {Chukchee},
	Year = {1922}}

@thesis{dunn1999,
	Author = {Dunn, Michael},
	Date-Added = {2010-06-26 10:42:31 +0200},
	Date-Modified = {2010-07-19 10:39:15 +0200},
	Institution = {Australian National University},
	Keywords = {Language description;Northern Eurasia},
	Title = {A grammar of {C}hukchi},
	Type = {{Ph.D. dissertation}},
	Year = {1999}}

@book{georg-etal1999,
	Author = {Ralf-Stefan Georg AND Alexander P. Volodin},
	Date-Added = {2008-07-27 12:18:52 +0200},
	Date-Modified = {2016-04-08 09:54:57 +0000},
	Location = {Wiesbaden},
	Number = {5},
	Publisher = {Harrassowitz},
	Series = {Tunguso Sibirica},
	Subtitle = {Grammatik und Texte},
	Title = {Die itelmenische Sprache},
	Year = {1999}}

@book{gruzdeva1998,
	Abstract = {Nivkh (otherwise known as Gilyak) is considered genetically isolated, though is traditionally classified as Paleasiberian. Typologically, Nivkh is an agglutinative synthetic nominative language with elements of morphological fusion and some analytical features. It is the language of a small nationality (4,700 people) presently residing mainly at the lower reaches of the Amur River in the far east on the Asian continent and on Sakhalin Island (Russia). Four dialects of Nivkh are distinguished: Amur, East-Sakhalin, North-Sakhalin and South-Sakhalin. The description is based primarily on the materials of Amur and East-Sakhalin diaelcts of Nivkh, the last not well described yet. The sketch contains five sections, two folklore texts (in both examined dialects of Nivkh) with interlinear translation and an ample bibliography.The first section describes socio- and geolinguistic data, different hypothesis of Nivkh genesis and principal stages of its studying. The phonology and morphology section deals with the phoneme inventory, prosody, syllable structure and morphological alternations. It pays particlar attention to the system of initial consonant alternations in noun and verb phrases. Principal models of word-formation are discussed in the third section. The fourth section is devoted to the analysis of nominal and verbal morphology, pronominal system, numerals, adverbs, graphic words, connective words and interjections. Special emphasis is laid to the unique system of cardinals consisting of 26 sub-systems, each of those is used for counting objects of special types. The section also focuses on finite verbal forms and their categories, as well as on non-finite verbal forms. Nivkh is well-known for its nu= merous converbs, which number is about 30. The last section examines syntax of noun and verb phrases, word order, clause structure and clause chainin with special reference to a polypredicative construction. The last is usually represented as a predicate complex whose verbal forms are interlinked by different semantic relations, namely tense, cause, condition, concession,etc.},
	Author = {Ekaterina Gruzdeva},
	Date-Added = {2011-04-12 16:02:40 +0200},
	Date-Modified = {2016-05-28 09:29:12 +0000},
	Keywords = {Language description;Northern Eurasia},
	Location = {M{\"u}nchen},
	Number = {111},
	Publisher = {LINCOM Europa},
	Series = {Languages of the World/Materials},
	Title = {Nivkh},
	Year = {2003}}

@incollection{jakobson1971,
	Author = {Jakobson, Roman},
	Booktitle = {Selected writings},
	Date-Added = {2008-09-21 21:16:34 +0200},
	Date-Modified = {2010-02-14 16:21:20 +0100},
	Editor = {Roman Jakobson},
	Keywords = {Language description;Northern Eurasia;Adjective},
	Location = {The Hague},
	Maintitle = {Notes on {G}ilyak},
	Pages = {72-97},
	Publisher = {Mouton},
	Title = {Word and language},
	Volume = {2},
	Year = {1971}}

@book{panfilov1965,
	Author = {Panfilov, Vladimir Z.},
	Author-Translation = {Vladimir Zinovevi{\v c} Panfilov},
	Date-Added = {2009-10-26 12:33:48 +0100},
	Date-Modified = {2010-02-15 10:29:07 +0100},
	Keywords = {Language description},
	Location = {Moskva},
	Publisher = {Nauka},
	Title = {Grammatika nivchskogo jazyka},
	Volume = {2},
	Year = {1965}}

@article{backhouse1984,
	Author = {Backhouse, A. E.},
	Date-Added = {2009-06-26 20:05:38 +0200},
	Date-Modified = {2010-07-18 19:51:51 +0200},
	Journaltitle = {Lingua},
	Keywords = {Adjective;Noun phrase},
	Pages = {169-186},
	Title = {Have all the adjectives gone?},
	Volume = {62},
	Year = {1984}}

@book{pustet1989,
	Author = {Pustet, Regina},
	Bib = {Diss},
	Call-Number = {MR (copy)},
	Date-Added = {2008-07-27 12:18:52 +0200},
	Date-Modified = {2010-07-19 11:24:10 +0200},
	Keywords = {Noun phrase;Adjective;Parts of speech;Attribution},
	Location = {Frankfurt am Main},
	Number = {7},
	Publisher = {Peter Lang},
	Series = {Continuum. Schriftenreihe zur Linguistik},
	Title = {{Die Morphosyntax des ``Adjektivs'' im Sprachvergleich}},
	Year = {1989}}

@book{martin-etal1969,
	Author = {Martin, Samuel E. AND Lee, Young-Sook},
	Date-Added = {2009-06-19 14:05:13 +0200},
	Date-Modified = {2009-06-19 14:06:23 +0200},
	Location = {New Haven},
	Publisher = {Yale University Press},
	Title = {Beginning {K}orean},
	Year = {1969}}

@book{chang1996,
	Author = {Chang, Suk-Jin},
	Date-Added = {2009-06-05 16:35:19 +0200},
	Date-Modified = {2016-03-30 12:48:02 +0000},
	Keywords = {Language Description;Northern Eurasia},
	Location = {Amsterdam},
	Number = {4},
	Publisher = {John Benjamins},
	Series = {London Oriental and African Language Library},
	Title = {Korean},
	Year = {1996}}

@incollection{yuo2003,
	Author = {Anne O. Yue},
	Booktitle = {The {S}ino-{T}ibetan languages},
	Date-Added = {2008-09-16 13:56:59 +0200},
	Date-Modified = {2016-05-25 15:07:20 +0000},
	Editor = {Graham Thurgood AND Randy J. LaPolla},
	Location = {London},
	Pages = {84-125},
	Publisher = {Routledge},
	Series = {Routledge Language Family Series},
	Subtitle = {Grammar},
	Title = {Chinese dialects},
	Year = {2003}}

@incollection{kalimov1968,
	Author = {Abdurachman A. Kalimov},
	Crossref = {vinogradovEtAl1968a},
	Date-Added = {2008-09-17 13:48:13 +0200},
	Date-Modified = {2016-05-26 16:28:13 +0000},
	Pages = {474-488},
	Title = {Dunganskij jazyk},
	Xref = {vinogradovEtAl1968a}}

@incollection{zevachina2001,
	Author = {Tat'jana S. Zevachina},
	Booktitle = {Jazyk, soznanie, kommunikacija. Vypusk 20},
	Call-Number = {MR (PDF);MR (copy)},
	Date-Added = {2008-09-17 15:51:32 +0200},
	Date-Modified = {2016-03-21 15:54:56 +0000},
	Editor = {Viktorija V. Krasnych AND Andrej I. Izotov},
	Location = {Moskva},
	Pages = {69-86},
	Publisher = {MAKS Press},
	Title = {Funkcional'no-grammati{\v c}eskaja parametrizacija prilagatel'nogo (po dannym polevogo issledovanija dunganskogo jazyka)},
	Year = {2001}}

@incollection{janhunen2003b,
	Author = {Juha Janhunen},
	Crossref = {janhunen2003a},
	Date-Added = {2008-09-16 12:52:12 +0200},
	Date-Modified = {2016-05-26 16:10:17 +0000},
	Pages = {1-29},
	Title = {{Proto-Mongolian}},
	Xref = {janhunen2003a}}

@incollection{svantesson2003,
	Author = {Svantesson, Jan-Olof},
	Crossref = {janhunen2003a},
	Date-Added = {2008-07-27 12:18:52 +0200},
	Date-Modified = {2016-05-26 16:11:02 +0000},
	Pages = {154-176},
	Title = {Khalkha},
	Xref = {janhunen2003a}}

@incollection{weiers2003,
	Author = {Michael Weiers},
	Crossref = {janhunen2003a},
	Date-Added = {2008-09-16 13:07:54 +0200},
	Date-Modified = {2016-05-26 16:11:35 +0000},
	Pages = {248-264},
	Title = {Moghol},
	Xref = {janhunen2003a}}

@incollection{slater2003,
	Author = {Keith W. Slater},
	Crossref = {janhunen2003a},
	Date-Added = {2008-09-16 13:16:47 +0200},
	Date-Modified = {2016-05-26 16:10:47 +0000},
	Pages = {307-324},
	Title = {Mangghuer},
	Xref = {janhunen2003a}}

@incollection{tsumagari2003,
	Author = {Toshiro Tsumagari},
	Crossref = {janhunen2003a},
	Date-Added = {2008-09-16 13:00:10 +0200},
	Date-Modified = {2016-05-26 16:11:20 +0000},
	Pages = {129-153},
	Title = {Dagur},
	Xref = {janhunen2003a}}

@incollection{sunik1968a,
	Author = {Sunik, Orest P.},
	Crossref = {vinogradovEtAl1968a},
	Date-Added = {2009-06-09 18:57:31 +0200},
	Date-Modified = {2016-05-26 16:27:47 +0000},
	Pages = {53-67},
	Title = {Tunguso-man'{\v c}{\v z}urskie jazyki (vvedenie)},
	Xref = {vinogradovEtAl1968a}}

@incollection{kormusin2005,
	Author = {Kormu{\v s}in, Igor' V.},
	Booksubtitle = {{\.E}nciklopedija v trech tomach},
	Booktitle = {Jazyki Rossijskoj Federacii i sosednich gosudarstv},
	Date-Added = {2009-06-15 10:10:25 +0200},
	Date-Modified = {2016-05-28 10:08:04 +0000},
	Editor = {Vinogradov, Viktor A. AND Jarceva, Viktorija N.},
	Location = {Moskva},
	Pages = {127-137},
	Publisher = {Nauka},
	Title = {Tunguso-man'{\v c}{\v z}urskie jazyki},
	Volume = {3},
	Year = {2005}}

@book{malchukov1995,
	Author = {Malchukov, Andrej L.},
	Call-Number = {MR (book copy)},
	Date-Added = {2009-06-12 13:58:28 +0200},
	Date-Modified = {2009-10-26 13:40:37 +0100},
	Keywords = {Language description;Tungusic;Northern Eurasia},
	Location = {M{\"u}nchen},
	Number = {12},
	Publisher = {LINCOM Europa},
	Series = {Languages of the World/Materials},
	Title = {Even},
	Year = {1995}}

@book{bulatova-etal1999,
	Author = {Bulatova, Nadezhda AND Grenoble, Lenore},
	Date-Added = {2009-06-03 13:15:28 +0200},
	Date-Modified = {2016-05-28 09:32:48 +0000},
	Keywords = {Language description;Tungusic;Northern Eurasia},
	Location = {M{\"u}nchen},
	Number = {141},
	Publisher = {LINCOM Europa},
	Series = {Languages of the World/Materials},
	Title = {Evenki},
	Year = {1999}}

@incollection{benzing1993b,
	Author = {Benzing, Johannes},
	Booktitle = {Bolgarisch-tschuwaschische Studien},
	Date-Added = {2009-05-16 13:34:17 +0200},
	Date-Modified = {2016-04-08 09:56:51 +0000},
	Editor = {Claus Sch{\"o}nig},
	Location = {Wiesbaden},
	Number = {12},
	Origdate = {1940},
	Pages = {1-17},
	Publisher = {Harrassowitz},
	Series = {Turcologica},
	Title = {Das Possessivsuffix der dritten Person},
	Year = {1993}}

@book{nikolaeva-etal2001,
	Author = {Nikolaeva, Irina AND Tolskaya, Maria},
	Author-Translation = {Irina Alekseevna Nikolaeva},
	Call-Number = {MR (copy part)},
	Date-Added = {2009-06-17 21:05:53 +0200},
	Date-Modified = {2010-02-15 10:17:01 +0100},
	Keywords = {Language description;Tungusic;Northern Eurasia},
	Location = {Berlin},
	Publisher = {Mouton de Gruyter},
	Series = {Mouton Grammar Library},
	Title = {A grammar of {U}dihe},
	Volume = {22},
	Year = {2001}}

@incollection{avrorin-etal1967,
	Author = {Avrorin, Valentin A. AND Lebedeva, Elena P.},
	Crossref = {vinogradovEtAl1968a},
	Date-Added = {2009-10-26 13:49:44 +0100},
	Date-Modified = {2016-05-26 16:26:29 +0000},
	Pages = {191-210},
	Title = {Oro{\v c}skij jazyk},
	Xref = {vinogradovEtAl1968a}}

@book{petrova1967,
	Author = {Petrova, Taisija I.},
	Author-Translation = {Taisija Ivanovna Petrova},
	Date-Added = {2009-06-12 14:32:56 +0200},
	Date-Modified = {2010-02-15 10:41:44 +0100},
	Keywords = {Language description;Tungusic;Northern Eurasia;Siberia},
	Location = {Leningrad},
	Publisher = {Nauka},
	Title = {{Jazyk orokov (ul'ta)}},
	Year = {1967}}

@book{sunik1985,
	Abstract = {Sunik, Orest Petrovi{\v c}},
	Author = {Sunik, Orest P.},
	Date-Added = {2009-06-12 14:08:34 +0200},
	Date-Modified = {2016-03-22 16:55:09 +0000},
	Keywords = {Language description;Tungusic;Northern Eurasia},
	Location = {Leningrad},
	Publisher = {Nauka},
	Subtitle = {Issledovanija i materialy},
	Title = {Ul'{\v c}skij jazyk},
	Year = {1985}}

@book{maslova2003a,
	Author = {Maslova, Elena},
	Date-Added = {2009-05-17 11:34:15 +0200},
	Date-Modified = {2010-01-05 12:11:55 +0100},
	Keywords = {Language description;Yukagir;Northern Eurasia},
	Location = {M{\"u}nchen},
	Number = {372},
	Publisher = {LINCOM Europa},
	Series = {Languages of the World/Materials},
	Title = {Tundra {Y}ukaghir},
	Year = {2003}}

@book{maslova2003b,
	Author = {Maslova, Elena},
	Author-Translation = {Elena Sergeeva Maslova},
	Call-Number = {MR},
	Date-Added = {2008-07-27 12:18:52 +0200},
	Date-Modified = {2010-02-15 10:06:48 +0100},
	Keywords = {Language description;Northern Eurasia;Yukagir},
	Lid = {Yukaghir},
	Location = {Berlin},
	Number = {27},
	Publisher = {Mouton de Gruyter},
	Series = {Mouton Grammar Library},
	Title = {A grammar of {K}olyma {Y}ukaghir},
	Year = {2003}}

@book{krejnovic1982,
	Author = {Krejnovi{\v c}, Eruchim A.},
	Author-Translation = {Eruchim Abramovi{\v c} Krejnovi{\v c}},
	Date-Added = {2009-05-15 15:55:57 +0200},
	Date-Modified = {2010-02-15 09:42:57 +0100},
	Keywords = {Language description;Northern Eurasia;Yukagir},
	Location = {Leningrad},
	Publisher = {Nauka},
	Title = {Issledovanija i materialy po jukagirskomu jazyku},
	Year = {1982}}

@incollection{werner1997a,
	Author = {Heinrich Werner},
	Booktitle = {Paleoaziatskie jazyki},
	Date-Added = {2008-09-21 20:33:52 +0200},
	Date-Modified = {2016-05-28 10:36:17 +0000},
	Editor = {Jarceva, Viktorija N.},
	Location = {Moskva},
	Pages = {169-177},
	Publisher = {Indrik},
	Series = {Jazyki mira},
	Title = {Jenisejskie jazyki},
	Year = {1997}}

@book{vajda2004,
	Abstract = {Abstract: Ket is the only surviving member of the formerly widespread Yeniseic family and one of the world's more intriguing language isolates. Its phonology, vocabulary, and grammar differ strikingly from the surrounding families. A system of five phonemic tones, apparently derived from simplified consonant articulations, mark the beginning of each phonological word. Agreement-related inflections reflect a tripartite noun-class division based on animacy and gender. The polysynthetic verb contains ten position classes and involves a variety of distinct agreement patterns: active/inactive, ergative/absolutive, nominative/accusative, and two that employ redundant subject markers. Each stem selects one of these strategies as part of its lexical makeup. The co-indexed subject and object NPs are zero-marked regardless of the verb's agreement type. Incorporation affects certain intransitive subjects, as well as objects, instruments, and directional adverbs. Important derivational categories include event number (punctual vs. iterative) and transitivity, with transitive and intransitive stems normally differing in some formal way. Causatives, inceptives, and even infinitives are distinct lexemes rather than grammatical forms of another stem. The only verbal inflectional categories are tense (past/non-past), mood (indicative/imperative), and agreement in person, class, and number with at most two grammatical terms. Particles convey other temporal and modal nuances. Most morphemes are roots or grammatical inflections. With so few derivational affixes, compounding is the most prevalent technique of lexeme creation. Redundant inflections also play a role in stem formation. This is manifested most obviously in the verb, but occurs in the noun too. Despite its isolate status, Ket shares certain areal features with its Uralic, Turkic, and Tungusic neighbors. These include a nominal paradigm containing a dozen cases and a propensity to use postpositions or case suffixes as clausal subordinators. Ket is spoken today by a few hundred of the 1,200 Ket people, mainly in remote areas near the Yenisei River in the Turukhansk District of Russia's Krasnoyarsk Province. Most speakers are adults who know Russian fluently too. This book contains the first full-length description of Ket to appear in English. It covers all aspects of the phonology, morphology and syntax of Southern Ket (the dialect with the most speakers), and briefly discusses the traditional culture and its characteristic vocabulary. Also included is a previously unpublished folktale with interlinear morpheme glosses and an English translation.},
	Author = {Edward J. Vajda},
	Bib = {Diss},
	Call-Number = {MR (copy)},
	Date-Added = {2008-07-27 12:18:52 +0200},
	Date-Modified = {2008-09-19 13:00:39 +0200},
	Keywords = {Language description;Northern Eurasia},
	Lid = {Ket},
	Location = {M{\"u}nchen},
	Number = {2004},
	Publisher = {LINCOM Europa},
	Series = {Languages of the World/Materials},
	Title = {Ket},
	Year = {2004}}

@misc{vajda2005,
	Abstract = {adjective agreement attribution attributive nominalization Noun phrase},
	Author = {Edward J. Vajda},
	Bib = {Diss},
	Call-Number = {MR (copy)},
	Date-Added = {2008-09-19 11:32:52 +0200},
	Date-Modified = {2008-09-19 11:35:17 +0200},
	Howpublished = {Talk given at the Max Planck Institute for Evolutionary Anthropology, Leipzig},
	Keywords = {Language description},
	Lid = {Ket},
	Month = {March},
	Title = {Ket language structure in typological perspective},
	Year = {2005}}

@incollection{krukova2007,
	Author = {Elena A. Krjukova},
	Booktitle = {{Tipologija jazyka i teorija grammatiki: materialy me{\v z}dunarodnoj konferencii posvja{\v s}{\v c}ennoj 100-letiju so dnja ro{\v z}denija S. D. Kacnel'sona}},
	Date-Added = {2008-09-21 20:43:06 +0200},
	Date-Modified = {2010-07-19 11:10:33 +0200},
	Editor = {M. D Voejkova},
	Keywords = {Noun phrase;Historical linguistics;Attribution;Northern Eurasia},
	Location = {Sankthyp{}Peterburg},
	Pages = {115-117},
	Publisher = {Nestor-Istorija},
	Title = {{Substantivacija v jenisejskich jazykach (na materiale ketskogo, jugskogo i kottskogo jazykov)}},
	Year = {2007}}

@incollection{clark1998a,
	Author = {Clark, Larry},
	Booktitle = {The {T}urkic languages},
	Date-Added = {2008-07-27 12:18:52 +0200},
	Date-Modified = {2009-06-12 10:52:54 +0200},
	Editor = {Johanson, Lars and Csat{\'o}, {\'E}va {\'A}gnes},
	Keywords = {Chuvash; Language Description;Turkic},
	Location = {London},
	Pages = {434-452},
	Publisher = {Routledge},
	Title = {Chuvash},
	Year = {1998}}

@book{krueger1961,
	Author = {Krueger, John Richard},
	Date-Added = {2007-07-19 06:29:57 +0200},
	Date-Modified = {2016-03-22 16:42:27 +0000},
	Keywords = {Language description;Northern Eurasia;Europe;Turkic},
	Location = {Bloomington},
	Number = {7},
	Publisher = {Indiana University},
	Series = {Uralic and Altaic Series},
	Subtitle = {Introduction, grammar, reader, and vocabulary},
	Title = {Chuvash manual},
	Year = {1961}}

@book{siraliev-etal1971,
	Author = {{\v S}iraliev, M. {\v S}. AND Sevort'an, {\.E}. V.},
	Date-Added = {2009-06-12 10:43:06 +0200},
	Date-Modified = {2010-07-19 12:12:56 +0200},
	Keywords = {Language description;Turkic;Northern Eurasia},
	Lid = {Azerbaijani},
	Location = {Baku},
	Publisher = {{\.E}lm},
	Title = {{Grammatika azerbajd{\v z}anskogo jazyka (fonetika, morfologija i sintaksis)}},
	Year = {1971}}

@incollection{boeschoten1998,
	Author = {Boeschoten, Hendrik},
	Booktitle = {The {T}urkic languages},
	Date-Added = {2009-06-12 11:47:20 +0200},
	Date-Modified = {2009-10-26 15:24:17 +0100},
	Editor = {Csat{\'o}, {\'E}va {\'A}gnes AND Johanson, Lars},
	Keywords = {Language description;Turkic;Northern Eurasia},
	Location = {London},
	Pages = {357-378},
	Publisher = {Routledge},
	Title = {Uzbek},
	Year = {1998}}

@incollection{kazenin1996a,
	Author = {Kazenin, Konstantin},
	Booksubtitle = {I. Word order in noun phrases},
	Booktitle = {Godoberi},
	Date-Added = {2009-06-11 10:31:06 +0200},
	Date-Modified = {2009-12-30 17:00:58 +0100},
	Editor = {Alexandr E. Kibrik},
	Keywords = {Caucasus;Europe;Noun phrase;Adjective;Syntax},
	Location = {M{\"u}nchen},
	Number = {2},
	Pages = {148-154},
	Publisher = {LINCOM Europa},
	Series = {LINCOM Studies in Caucasian Linguistics},
	Year = {1996}}

@incollection{tatevosov1996a,
	Author = {Tatevosov, Sergej G.},
	Booksubtitle = {II. Attributives},
	Booktitle = {Godoberi},
	Date-Added = {2009-06-11 10:03:14 +0200},
	Date-Modified = {2010-02-15 12:16:25 +0100},
	Editor = {Alexandr E. Kibrik},
	Keywords = {Caucasus;Europe;Noun phrase;Adjective},
	Location = {M{\"u}nchen},
	Number = {2},
	Pages = {20-35},
	Publisher = {LINCOM Europa},
	Series = {LINCOM Studies in Caucasian Linguistics},
	Year = {1996}}

@incollection{alekseev-etal2004,
	Author = {Alekseev, Michail E. AND Rad{\v z}abov, Ramazan N.},
	Booktitle = {The {N}orth {E}ast {C}aucasian languages 2},
	Call-Number = {Stabi OEL},
	Date-Added = {2009-06-03 16:49:43 +0200},
	Date-Modified = {2010-07-18 19:43:54 +0200},
	Editor = {Michael Job},
	Location = {Ann Arbour},
	Pages = {115-163},
	Publisher = {Caravan Books},
	Series = {The indigenous languages of the {C}aucasus},
	Title = {Tsez},
	Volume = {3},
	Year = {2004}}

@book{zirkov1955,
	Author = {{\v Z}irkov, Lev I.},
	Date-Added = {2009-06-11 14:48:06 +0200},
	Date-Modified = {2016-03-22 16:41:29 +0000},
	Keywords = {Caucasus;Europe;Language description},
	Location = {Moskva},
	Publisher = {Nauka},
	Subtitle = {Fonetika i morfologija},
	Title = {Lakskij jazyk},
	Year = {1955}}

@incollection{isaev2004,
	Author = {Isaev, Magomed{\v s}api A.},
	Booktitle = {The {N}orth {E}ast {C}aucasian languages 2},
	Call-Number = {Stabi OEL},
	Date-Added = {2009-06-03 16:52:23 +0200},
	Date-Modified = {2016-05-28 10:28:59 +0000},
	Editor = {Michael Job},
	Keywords = {Language description},
	Location = {Ann Arbour},
	Pages = {299-343},
	Publisher = {Caravan Books},
	Series = {The indigenous languages of the {C}aucasus},
	Title = {Dargwa},
	Volume = {3},
	Year = {2004}}

@incollection{schulze-furhoff1994,
	Author = {Schulze-F{\"u}rhoff, Wolfgang},
	Booktitle = {The {N}orth {E}ast {C}aucasian languages 2},
	Date-Added = {2009-06-05 13:35:53 +0200},
	Date-Modified = {2016-03-21 15:51:42 +0000},
	Editor = {Rieks Smeets},
	Location = {Delmar},
	Pages = {447-514},
	Publisher = {Caravan Books},
	Series = {The indigenous languages of the {C}aucasus},
	Title = {Udi},
	Volume = {4},
	Year = {1994}}

@book{kurbanov1986,
	Author = {Kurbanov, Kazi K.},
	Author-Translation = {Kazi Kerimovi{\v c} Kurbanov},
	Date-Added = {2009-06-11 13:17:32 +0200},
	Date-Modified = {2010-02-15 12:37:45 +0100},
	Keywords = {Language description;Caucasus;Europe},
	Location = {Macha{\v c}kala},
	Publisher = {Dagu{\v c}pedgiz},
	Title = {{Morfologija tabasaranskogo jazyka (posobie dlja u{\v c}itelja}},
	Year = {1986}}

@incollection{kibrik1994a,
	Author = {Kibrik, Aleksandr E.},
	Booktitle = {The {N}orth {E}ast {C}aucasian languages 2},
	Call-Number = {Stabi OEL},
	Date-Added = {2009-06-05 13:18:39 +0200},
	Date-Modified = {2009-06-05 13:20:28 +0200},
	Editor = {Rieks Smeets},
	Keywords = {Language description;Caucasus;Northern Eurasia;Europe},
	Location = {Delmar},
	Pages = {297-265},
	Publisher = {Caravan Books},
	Series = {The indigenous languages of the {C}aucasus},
	Title = {Archi},
	Volume = {4},
	Year = {1994}}

@incollection{talibov2004,
	Author = {Talibov, Bukar B.},
	Booktitle = {The {N}orth {E}ast {C}aucasian languages 2},
	Call-Number = {Stabi OEL},
	Date-Added = {2009-06-03 16:53:02 +0200},
	Date-Modified = {2010-02-15 12:15:09 +0100},
	Editor = {Michael Job},
	Keywords = {Language description},
	Location = {Ann Arbour},
	Pages = {347-419},
	Publisher = {Caravan Books},
	Series = {The indigenous languages of the {C}aucasus},
	Title = {Tsakhur},
	Volume = {3},
	Year = {2004}}

@book{haspelmath1993,
	Author = {Haspelmath, Martin},
	Bib = {Diss},
	Date-Added = {2008-07-27 18:14:09 +0200},
	Date-Modified = {2010-01-05 10:25:02 +0100},
	Keywords = {Language description;Caucasus;Northern Eurasia;Europe},
	Location = {Berlin},
	Number = {9},
	Publisher = {Mouton de Gruyter},
	Series = {Mouton Grammar Library},
	Title = {A grammar of {L}ezgian},
	Year = {1993}}

@incollection{alekseev1994a,
	Author = {Alekseev, Michail E.},
	Booktitle = {The {N}orth {E}ast {C}aucasian languages 2},
	Call-Number = {Stabi OEL},
	Date-Added = {2009-06-05 13:13:41 +0200},
	Date-Modified = {2010-07-18 18:09:52 +0200},
	Editor = {Rieks Smeets},
	Keywords = {Language description;Caucasus;Northern Eurasia;Europe},
	Location = {Delmar},
	Pages = {213-258},
	Publisher = {Caravan Books},
	Series = {The indigenous languages of the {C}aucasus},
	Title = {Rutul},
	Volume = {4},
	Year = {1994}}

@incollection{nichols1994b,
	Author = {Nichols, Johanna},
	Booktitle = {The {N}orth {E}ast {C}aucasian languages 2},
	Call-Number = {MR (copy part)},
	Date-Added = {2009-06-04 16:42:19 +0200},
	Date-Modified = {2010-01-04 16:03:38 +0100},
	Editor = {Rieks Smeets},
	Keywords = {Language description},
	Location = {Delmar},
	Pages = {79-145},
	Publisher = {Caravan Books},
	Series = {The indigenous languages of the {C}aucasus},
	Title = {Ingush},
	Volume = {4},
	Year = {1994}}

@incollection{holisky-etal1994,
	Author = {Holisky, Dee Ann AND Gagua, Rusudan},
	Booktitle = {The {N}orth {E}ast {C}aucasian languages 2},
	Call-Number = {Stabi OEL},
	Date-Added = {2009-06-05 12:31:29 +0200},
	Date-Modified = {2009-06-05 12:33:21 +0200},
	Editor = {Rieks Smeets},
	Keywords = {Language description},
	Location = {Delmar},
	Pages = {147-212},
	Publisher = {Caravan Books},
	Series = {The indigenous languages of the {C}aucasus},
	Title = {Tsova-{T}ush ({B}atsbi)},
	Volume = {4},
	Year = {1994}}

@incollection{hewitt1989a,
	Author = {Hewitt, George B.},
	Booktitle = {The {N}orth {W}est {C}aucasian languages},
	Call-Number = {Stabi OEL},
	Date-Added = {2009-06-05 09:49:28 +0200},
	Date-Modified = {2011-01-31 16:05:38 +0100},
	Editor = {Hewitt, George B.},
	Keywords = {Language description;Caucasus;Europe;Northern Eurasia},
	Location = {Delmar},
	Pages = {38-88},
	Publisher = {Caravan Books},
	Series = {The indigenous languages of the {C}aucasus},
	Title = {Abkhaz},
	Volume = {2},
	Year = {1994}}

@incollection{lomtatidze-etal1989,
	Author = {Ketevan Lomtatidze AND Rauf Klychev},
	Booktitle = {The {N}orth {W}est {C}aucasian languages},
	Call-Number = {Stabi OEL},
	Date-Added = {2009-06-05 10:26:31 +0200},
	Date-Modified = {2011-01-31 16:05:49 +0100},
	Editor = {Hewitt, George B.},
	Keywords = {Language description;Caucasus;Europe;Northern Eurasia},
	Location = {Delmar},
	Pages = {89-154},
	Publisher = {Caravan Books},
	Series = {The indigenous languages of the {C}aucasus},
	Title = {Abaza},
	Volume = {2},
	Year = {1994}}

@incollection{colarusso1989,
	Author = {Colarusso, John},
	Booktitle = {The {N}orth {W}est {C}aucasian languages},
	Date-Added = {2009-06-05 10:53:03 +0200},
	Date-Modified = {2011-01-31 16:04:15 +0100},
	Editor = {Hewitt, George B.},
	Keywords = {Language description;Caucasus;Europe;Northern Eurasia},
	Location = {Delmar},
	Pages = {261-355},
	Publisher = {Caravan Books},
	Series = {The indigenous languages of the {C}aucasus},
	Title = {East {C}ircassian ({K}abardian dialect)},
	Volume = {2},
	Year = {1994}}

@incollection{harris1991a,
	Author = {Harris, Alice C.},
	Booktitle = {The {K}artvelian languages},
	Call-Number = {Stabi OEL},
	Date-Added = {2009-06-03 15:00:32 +0200},
	Date-Modified = {2009-06-03 15:05:26 +0200},
	Editor = {Harris, Alice C.},
	Keywords = {Historical linguistics;Kartvelian},
	Location = {Delmar},
	Pages = {7-83},
	Publisher = {Caravan Books},
	Series = {The indigenous languages of the {C}aucasus},
	Title = {Overview on the history of the {K}artvelian languages},
	Volume = {1},
	Year = {1991}}

@book{tuite1998,
	Author = {Tuite, Kevin},
	Date-Added = {2009-06-08 18:52:06 +0200},
	Date-Modified = {2016-03-22 17:06:59 +0000},
	Keywords = {Noun phrase;Syntax;Morphology;Caucasus;Europe;Historical linguistics},
	Location = {M{\"u}nchen},
	Number = {12},
	Publisher = {LINCOM Europa},
	Series = {LINCOM Studies in Caucasian Linguistics},
	Subtitle = {Number agreement and morphosyntactic orientation in the {S}outh {C}aucasian languages},
	Title = {Kartvelian morphosyntax},
	Year = {1998}}

@incollection{aronson1991,
	Author = {Aronson, Howard I.},
	Booktitle = {The {K}artvelian languages},
	Call-Number = {Stabi OEL},
	Date-Added = {2009-06-03 15:06:19 +0200},
	Date-Modified = {2010-07-18 19:45:42 +0200},
	Editor = {Harris, Alice C.},
	Keywords = {Historical linguistics;Kartvelian},
	Location = {Delmar},
	Pages = {219-312},
	Publisher = {Caravan Books},
	Series = {The indigenous languages of the {C}aucasus},
	Title = {Modern {G}eorgian},
	Volume = {1},
	Year = {1991}}

@book{tuite1997,
	Author = {Tuite, Kevin},
	Date-Added = {2009-06-11 11:10:22 +0200},
	Date-Modified = {2010-02-15 12:39:02 +0100},
	Keywords = {Language description;Caucasus;Europe},
	Location = {M{\"u}nchen},
	Number = {139},
	Publisher = {LINCOM Europa},
	Series = {Languages of the World/Materials},
	Title = {Svan},
	Year = {1997}}

@incollection{schmidt1991,
	Author = {Harris, Alice C.},
	Booktitle = {The {K}artvelian languages},
	Call-Number = {Stabi OEL},
	Date-Added = {2009-06-03 15:08:19 +0200},
	Date-Modified = {2009-06-03 15:09:04 +0200},
	Editor = {Harris, Alice C.},
	Keywords = {Historical linguistics;Kartvelian},
	Location = {Delmar},
	Pages = {473-556},
	Publisher = {Caravan Books},
	Series = {The indigenous languages of the {C}aucasus},
	Title = {Svan},
	Volume = {1},
	Year = {1991}}

@incollection{harris1991b,
	Author = {Harris, Alice C.},
	Booktitle = {The {K}artvelian languages},
	Call-Number = {Stabi OEL},
	Date-Added = {2009-06-03 15:05:34 +0200},
	Date-Modified = {2009-06-03 15:06:12 +0200},
	Editor = {Harris, Alice C.},
	Keywords = {Historical linguistics;Kartvelian},
	Location = {Delmar},
	Pages = {313-394},
	Publisher = {Caravan Books},
	Series = {The indigenous languages of the {C}aucasus},
	Title = {Mingrelian},
	Volume = {1},
	Year = {1991}}

@book{krotkoff1982,
	Author = {Krotkoff, Georg},
	Date-Added = {2009-06-11 14:36:49 +0200},
	Date-Modified = {2016-03-22 16:52:32 +0000},
	Keywords = {Language description;Semitic},
	Location = {New Haven},
	Number = {64},
	Publisher = {American Oriental Society},
	Series = {American Oriental Series},
	Subtitle = {Text, grammar, and vocabulary},
	Title = {A {N}eo-{A}ramaic dialect of {K}urdistan},
	Year = {1982}}

@book{borg-etal1996,
	Author = {Borg, Albert AND Marie Azzopardi-Alexander},
	Date-Added = {2009-06-08 11:23:20 +0200},
	Date-Modified = {2010-01-04 17:45:08 +0100},
	Keywords = {Language description;Semitic;Europe},
	Location = {London},
	Publisher = {Routledge},
	Series = {Routledge Descriptive Grammars},
	Title = {Maltese},
	Year = {1996}}

@book{aquilina1959,
	Author = {Aquilina, Joseph},
	Date-Added = {2009-06-08 11:14:11 +0200},
	Date-Modified = {2016-03-22 16:41:47 +0000},
	Keywords = {Language description;Semitic;Europe},
	Location = {Malta},
	Publisher = {The Royal University},
	Subtitle = {A study in mixed grammar and vocabulary},
	Title = {The structure of {M}altese},
	Year = {1959}}

@article{hall1938,
	Author = {Robert A. Hall, Jr.},
	Date-Added = {2009-06-08 14:12:32 +0200},
	Date-Modified = {2009-06-08 14:14:16 +0200},
	Journaltitle = {Language},
	Keywords = {Language description;Uralic},
	Number = {2},
	Pages = {9-113},
	Title = {An Analytical Grammar of the {H}ungarian Language},
	Volume = {14},
	Year = {1938}}

@book{decsy1990,
	Abstract = {p.80-81 keine Kongruenz in NP (bei Adjektiven) p.81 POSS als DEF},
	Author = {D{\'e}csy, Gyula},
	Date-Added = {2007-07-10 11:07:48 +0200},
	Date-Modified = {2016-03-22 16:55:52 +0000},
	Keywords = {Language description;Uralic;Northern Eurasia;Historical linguistics},
	Location = {Bloomington},
	Number = {9},
	Publisher = {Eurolingua},
	Series = {Bibliotheca nostratica},
	Subtitle = {A comprehensive reconstruction},
	Title = {The {U}ralic protolanguage},
	Year = {1990}}

@book{winkler2001,
	Author = {Winkler, Eberhard},
	Call-Number = {MR},
	Date-Added = {2007-07-18 22:20:51 +0200},
	Date-Modified = {2016-05-25 15:10:27 +0000},
	Keywords = {Language description; Udmurt},
	Location = {M{\"u}nchen},
	Number = {212},
	Publisher = {LINCOM Europa},
	Series = {Languages of the World/Materials},
	Title = {Udmurt},
	Year = {2001}}

@book{csucs1990,
	Author = {Cs{\'u}cs, S{\'a}ndor},
	Date-Added = {2010-07-07 12:17:00 +0200},
	Date-Modified = {2011-01-31 16:07:03 +0100},
	Keywords = {Language description;Uralic;Udmurt},
	Location = {Budapest},
	Publisher = {Tank{\"o}nyvkiad{\'o}},
	Title = {{Chrestomathia Votiacica}},
	Year = {1990}}

@incollection{senkevic-g1968,
	Author = {Senkevi{\v c}-Gudkova, Viktorija V.},
	Author-Transl = {В. В. Сенкевич-Гудкова; Viktor Maksimovi{\v c} {\v Z}irmunskij; Orest Petrovi{\v c} Sunik},
	Booktitle = {Voprosy teorii {\v c}astej re{\v c}i},
	Call-Number = {MR (PDF); MR (copy)},
	Date-Added = {2016-02-02 19:17:14 +0000},
	Date-Modified = {2016-02-02 19:17:53 +0000},
	Editor = {{\v Z}irmunskij, Viktor M. AND Sunik, Orest P.},
	Keywords = {Saamic linguistics,morphology,adjective,Kola Saami},
	Lid = {sms},
	Location = {Leningrad},
	Pages = {274-281},
	Publisher = {Nauka},
	Subtitle = {Na materiale jazykov razli{\v c}nych tipov},
	Title = {O differencjal'nych morfologi{\v c}eskich priznakach imeni prilagatel'nogo v saamskom jazyke (na materiale notozerskogo dialekta)},
	Year = {1968}}

@book{nickel1990,
	Author = {Nickel, Klaus Peter},
	Call-Number = {MR (copy)},
	Date-Added = {2008-07-27 12:18:52 +0200},
	Date-Modified = {2009-12-07 16:15:53 +0100},
	Keywords = {Saami linguistics;Language description},
	Location = {K{\'a}r{\'a}{\v s}johka},
	Publisher = {Davvi Girji},
	Title = {Samisk grammatikk},
	Year = {1996}}

@book{decsy1991,
	Abstract = {p. 57 proto-IE hatte wahrscheinlich keine Kongruenz in NPs (so wie auch Tocharisch keine hat)},
	Author = {D{\'e}csy, Gyula},
	Date-Added = {2009-10-30 13:16:55 +0100},
	Date-Modified = {2016-03-22 17:06:12 +0000},
	Keywords = {Language description;IE;Northern Eurasia;Historical linguistics},
	Location = {Bloomington},
	Number = {10},
	Publisher = {Eurolingua},
	Series = {Bibliotheca nostratica},
	Subtitle = {A computational reconstruction},
	Title = {The {I}ndo-{E}uropean protolanguage},
	Year = {1998}}

@incollection{watkins1998,
	Author = {Watkins, Calvert},
	Crossref = {ramatEtAl1998a},
	Date-Added = {2007-07-10 11:36:59 +0200},
	Date-Modified = {2016-03-22 17:11:09 +0000},
	Pages = {25-73},
	Subtitle = {Comparison and reconstruction},
	Title = {Proto-{I}ndo-{E}uropean},
	Xref = {ramatEtAl1998a}}

@incollection{demiraj1998,
	Author = {Demiraj, Shaban},
	Crossref = {ramatEtAl1998a},
	Date-Added = {2008-07-27 12:18:52 +0200},
	Date-Modified = {2016-05-27 16:18:27 +0000},
	Pages = {480-501},
	Title = {Albanian},
	Xref = {ramatEtAl1998a}}

@book{sasse1991,
	Author = {Sasse, Hans-J{\"u}rgen},
	Bib = {Diss},
	Date-Added = {2008-07-27 12:18:52 +0200},
	Date-Modified = {2009-01-29 16:35:15 +0100},
	Keywords = {Language description},
	Location = {Wiesbaden},
	Publisher = {Harrassowitz},
	Subtitle = {Die albanischen {S}prachreste in Griechenland},
	Title = {Arvanitika},
	Volume = {1},
	Year = {1991}}

@incollection{ajello1998,
	Author = {Ajello, Roberto},
	Crossref = {ramatEtAl1998a},
	Date-Added = {2008-07-27 12:18:52 +0200},
	Date-Modified = {2016-03-22 17:09:19 +0000},
	Pages = {197-227},
	Title = {Armenian},
	Xref = {ramatEtAl1998a}}

@book{masica1991,
	Author = {Masica, Colin P.},
	Bib = {Diss},
	Date-Added = {2008-09-12 13:54:36 +0200},
	Date-Modified = {2010-02-15 10:03:54 +0100},
	Keywords = {Language description;IE},
	Location = {Cambridge},
	Publisher = {Cambridge University Press},
	Series = {Cambridge Language Surveys},
	Title = {The {Indo-Aryan} languages},
	Year = {1991}}

@book{halwachs-etal2002,
	Author = {Halwachs, Dieter W. AND Michael Wogg},
	Bib = {Diss},
	Date-Added = {2009-01-29 14:54:28 +0100},
	Date-Modified = {2011-01-31 16:07:58 +0100},
	Keywords = {Language description;IE;Europe},
	Location = {M{\"u}nchen},
	Number = {107},
	Publisher = {LINCOM Europa},
	Series = {Languages of the World/Materials},
	Title = {{Burgenland-Romani}},
	Year = {2002}}

@book{hancock1995,
	Author = {Hancock, Ian},
	Date-Added = {2009-10-26 16:17:48 +0100},
	Date-Modified = {2010-01-05 10:17:16 +0100},
	Keywords = {Language description;Indoeuropean},
	Location = {Columbus},
	Publisher = {Slavica},
	Title = {A handbook of {V}lax {R}omani},
	Year = {1993}}

@book{rastorgueva1963,
	Abstract = {Вера Сергеевна Расторгуева},
	Author = {Rastorgueva, Vera S. AND Paper, Herbert H.},
	Bib = {Diss},
	Date-Added = {2009-01-27 16:58:41 +0200},
	Date-Modified = {2014-11-28 10:15:14 +0000},
	Keywords = {Language description},
	Location = {Bloomington},
	Number = {28},
	Publisher = {Indiana University},
	Series = {Publications / Research Center in Anthropology, Folklore and Linguistics},
	Title = {A short sketch of {T}ajik grammar},
	Year = {1963}}

@book{schulze2000,
	Author = {Schulze, Wolfgang},
	Date-Added = {2009-01-29 20:01:17 +0100},
	Date-Modified = {2016-05-28 09:49:24 +0000},
	Location = {M{\"u}nchen},
	Number = {380},
	Publisher = {Lincom Europa},
	Series = {Languages of the World/Materials},
	Title = {Northern {T}alysh},
	Year = {2000}}

@book{abaev1964,
	Author = {Abaev, Vasilij I.},
	Bib = {Diss},
	Call-Number = {MR (PDF)},
	Date-Added = {2009-01-29 19:34:58 +0100},
	Date-Modified = {2010-07-18 18:11:33 +0200},
	Keywords = {Language description;Indoeuropean;Iranian},
	Location = {Bloomington},
	Publisher = {Indiana University Press},
	Title = {A grammatical sketch of {O}ssetic},
	Year = {1964}}

@incollection{thodarson1989,
	Author = {Thordarson, Fridrik},
	Bib = {Diss},
	Booktitle = {Compendium Linguarum Iranicarum},
	Call-Number = {MR (PDF); MR (copy)},
	Date-Added = {2009-01-29 19:22:57 +0100},
	Date-Modified = {2009-01-29 19:24:42 +0100},
	Editor = {Schmitt, R{\"u}diger},
	Keywords = {Language description;Indoeuropean;Iranian},
	Location = {Wiesbaden},
	Pages = {456-79},
	Publisher = {Reichert},
	Title = {Ossetic},
	Year = {1989}}

@book{bechert1993,
	Author = {Bechert, Johannes},
	Date-Added = {2007-07-10 15:59:31 +0200},
	Date-Modified = {2007-07-10 16:01:35 +0200},
	Keywords = {Noun phrase; Typology},
	Location = {[Strasbourg]},
	Publisher = {ESF},
	Series = {Eurotyp Working Papers I/4},
	Title = {Definiteness and article systems},
	Year = {1993}}

@incollection{macauley1992,
	Author = {Donald MacAulay},
	Crossref = {macauley1992b},
	Date-Added = {2008-09-18 12:22:21 +0200},
	Date-Modified = {2016-05-26 16:16:03 +0000},
	Pages = {137-248},
	Title = {The {S}cottish {G}aelic language},
	Xref = {macauley1992b}}

@incollection{odochartaigh1992,
	Author = {Cathair {\'O} Dochartaigh},
	Crossref = {macauley1992b},
	Date-Added = {2008-09-18 12:07:23 +0200},
	Date-Modified = {2016-05-26 16:16:28 +0000},
	Pages = {11-99},
	Title = {The {I}rish language},
	Xref = {macauley1992b}}

@incollection{thomsen1992,
	Author = {Robert L. Thomson},
	Crossref = {macauley1992b},
	Date-Added = {2008-09-18 12:19:20 +0200},
	Date-Modified = {2016-05-26 16:17:24 +0000},
	Pages = {100-136},
	Title = {The {M}anx language},
	Xref = {macauley1992b}}

@incollection{thomas1992a,
	Author = {Alan R. Thomas},
	Crossref = {macauley1992b},
	Date-Added = {2008-09-18 12:53:37 +0200},
	Date-Modified = {2016-05-26 16:16:58 +0000},
	Pages = {251-345},
	Title = {The {W}elsh language},
	Xref = {macauley1992b}}

@incollection{ternes1992,
	Author = {Elmar Ternes},
	Crossref = {macauley1992b},
	Date-Added = {2008-09-18 12:58:25 +0200},
	Date-Modified = {2016-05-26 16:16:45 +0000},
	Pages = {371-452},
	Title = {The {B}reton language},
	Xref = {macauley1992b}}

@incollection{thomas1992b,
	Author = {Alan R. Thomas},
	Crossref = {macauley1992b},
	Date-Added = {2008-09-18 13:07:30 +0200},
	Date-Modified = {2016-05-26 16:17:13 +0000},
	Pages = {346-370},
	Title = {The {C}ornish language},
	Xref = {macauley1992b}}

@book{heinrichs1954,
	Author = {Heinrichs, Heinrich Matthias},
	Call-Number = {MR (copy)},
	Date-Added = {2007-07-19 06:56:37 +0200},
	Date-Modified = {2009-05-17 11:45:36 +0200},
	Keywords = {Germanic;IE;Historical linguistics;Noun phrase;Attribution},
	Location = {Gie{{\ss}}en},
	Publisher = {Schmitz},
	Title = {{Studien zum bestimmten Artikel in den germanischen Sprachen}},
	Year = {1954}}

@book{ringgaard1960,
	Author = {Ringgaard, Kristian},
	Date-Added = {2008-07-27 12:18:52 +0200},
	Date-Modified = {2009-10-27 09:53:37 +0100},
	Keywords = {Phonology;North Germanic},
	Lid = {Danish;Jutlandic},
	Location = {Aarhus},
	Publisher = {Universitetsforlaget},
	Title = {{Vestjysk st{{\o}}d}},
	Year = {1960}}

@article{borjars1994,
	Author = {B{\"o}rjars, Kersti},
	Date-Added = {2008-07-27 12:18:52 +0200},
	Date-Modified = {2009-10-27 10:06:51 +0100},
	Journaltitle = {Nordic Journal of Linguistics},
	Keywords = {Noun phrase;Syntax},
	Pages = {219-252},
	Title = {Swedish double determination in a {E}uropean typological perspective},
	Volume = {17},
	Year = {1994}}

@incollection{julien2003,
	Author = {Julien, Marit},
	Booktitle = {{Proceedings of the 19th Scandinavian Conference of Linguistics}},
	Call-Number = {MR (PDF);MR (copy)},
	Date-Added = {2008-07-27 12:18:52 +0200},
	Date-Modified = {2010-01-05 10:35:04 +0100},
	Editor = {Anne Dahl AND Kristine Bentzen AND Peter Svenonius},
	Keywords = {Noun phrase;Generative syntax;North Germanic},
	Location = {Troms{{\o}}},
	Number = {31:1},
	Pages = {230-244},
	Publisher = {Troms{{\o}} university},
	Series = {Nordlyd},
	Title = {Double definiteness in {S}candinavian},
	Year = {2003}}

@incollection{holmberg-etal2003,
	Author = {Holmberg, Anders and Sandstr{\"o}m, G{\"o}ran},
	Crossref = {vangsnesEtAl2003a},
	Date-Added = {2008-07-27 12:18:52 +0200},
	Date-Modified = {2016-04-08 09:44:13 +0000},
	Origdate = {1996},
	Pages = {85-98},
	Title = {Vad {\"a}r det f{\"o}r s{\"a}rskilt med nordsvenska nominalfraser?},
	Xref = {vangsnesEtAl2003a}}

@incollection{delsing1996b,
	Author = {Delsing, Lars-Olof},
	Booktitle = {Syntaktisk variasjon i nordiske m{\aa}lf{{\o}}re},
	Date-Added = {2008-07-27 12:18:52 +0200},
	Date-Modified = {2016-05-27 16:19:34 +0000},
	Editor = {Vangsnes, {\O}ystein A.},
	Number = {9},
	Pages = {24-74},
	Publisher = {Universitetet i Bergen},
	Series = {Nordica Bergensia},
	Title = {Nominalfrassyntax i skandinaviska dialekter},
	Year = {1996}}

@book{posner1996,
	Author = {Rebecca Posner},
	Date-Added = {2008-09-16 11:07:37 +0200},
	Date-Modified = {2016-05-28 08:21:07 +0000},
	Keywords = {Historical linguistics},
	Location = {Cambridge},
	Publisher = {Cambridge University Press},
	Series = {Cambridge Language Surveys},
	Title = {The {R}omance languages},
	Year = {1996}}

@incollection{silvestri1998,
	Author = {Silvestri, Domenico},
	Crossref = {ramatEtAl1998a},
	Date-Added = {2008-09-12 14:11:04 +0200},
	Date-Modified = {2016-03-22 17:10:52 +0000},
	Pages = {322-344},
	Title = {The {I}talic languages},
	Xref = {ramatEtAl1998a}}

@thesis{zlatic1997,
	Author = {Larisa Zlati{\'c}},
	Date-Added = {2007-07-18 21:44:24 +0200},
	Date-Modified = {2009-10-27 11:42:46 +0100},
	Institution = {The University of Texas at Austin},
	Keywords = {Noun phrase;Syntax},
	Lid = {Serbian},
	Location = {Austin},
	Title = {The Structure of the {S}erbian Noun Phrase},
	Type = {phdthesis},
	Year = {1997}}

@book{kordic1997,
	Author = {Snjezana Kordic},
	Date-Added = {2009-06-08 09:35:47 +0200},
	Date-Modified = {2010-01-05 10:53:48 +0100},
	Keywords = {Language description},
	Location = {M{\"u}nchen},
	Number = {148},
	Publisher = {LINCOM Europa},
	Series = {Languages of the World/Materials},
	Title = {{Serbo-Croatian}},
	Year = {1997}}

@article{marusic-etal2007,
	Author = {Maru{\v s}i{\v c}, Franc and {\v Z}aucer, Rok},
	Date-Added = {2007-07-16 13:19:05 +0200},
	Date-Modified = {2016-05-28 09:18:09 +0000},
	Journaltitle = {Slavisti{\v c}na revija},
	Number = {1-2},
	Pages = {223-247},
	Title = {O dolo{\v c}nem ta v pogovorni sloven{\v s}{\v c}ini (z navezavo na dolo{\v c}no obliko pridevnika)},
	Volume = {55},
	Year = {2007}}

@incollection{browne1993,
	Author = {Browne, Wayles},
	Booktitle = {The {S}lavonic languages},
	Date-Added = {2009-06-12 16:27:49 +0200},
	Date-Modified = {2010-01-04 17:45:23 +0100},
	Editor = {Bernard Comrie AND Greville G. Corbett},
	Keywords = {Language description},
	Location = {London},
	Pages = {306-387},
	Publisher = {Routledge},
	Series = {Routledge Language Family Descriptions},
	Title = {{Serbo-Croat}},
	Year = {1993}}

@incollection{priestly1993,
	Author = {Priestly, Tom M. S.},
	Booktitle = {The {S}lavonic languages},
	Date-Added = {2009-06-12 15:02:47 +0200},
	Date-Modified = {2010-07-19 11:23:47 +0200},
	Editor = {Bernard Comrie AND Greville G. Corbett},
	Keywords = {Slavic languages;Language description},
	Location = {London},
	Pages = {388-451},
	Publisher = {Routledge},
	Series = {Routledge Language Family Descriptions},
	Title = {Slovene},
	Year = {1993}}

@book{saltarelli1988,
	Author = {Mario Saltarelli},
	Date-Added = {2008-09-20 22:40:33 +0200},
	Date-Modified = {2008-09-20 22:41:40 +0200},
	Keywords = {Language description;Northern Eurasia},
	Location = {London},
	Publisher = {Croom Helm},
	Series = {Croom Helm Descriptive Grammars},
	Title = {Basque},
	Year = {1988}}

@book{hualde-etal2003,
	Date-Added = {2008-09-20 17:13:55 +0200},
	Date-Modified = {2016-06-16 15:42:01 +0000},
	Editor = {Hualde, Jos{\'e} Ignacio AND Ortiz de Urbina, Jon},
	Location = {Berlin},
	Number = {26},
	Publisher = {Mouton de Gruyter},
	Series = {Mouton Grammar Library},
	Title = {A grammar of {B}asque},
	Year = {2003}}

@book{nichols1992,
	Author = {Nichols, Johanna},
	Date-Added = {2010-06-23 18:53:34 +0200},
	Date-Modified = {2010-06-23 18:54:28 +0200},
	Keywords = {Historical linguistics;Typology;Areal typology;Northern Eurasia},
	Location = {Chicago},
	Publisher = {University of Chicago Press},
	Title = {Linguistic Diversity in Space and Time},
	Year = {1992}}

@book{decsy1998,
	Abstract = {p. 75 POSS:3SG -si als DEF (based on Old Turkic data) p.76 Wortfolge A+N Agreement/non-agreement of adj. not mentioned in syntax part},
	Author = {D{\'e}csy, Gyula},
	Date-Added = {2009-10-30 13:14:12 +0100},
	Date-Modified = {2016-03-22 17:06:23 +0000},
	Keywords = {Language description;Turkic;Northern Eurasia;Historical linguistics},
	Location = {Bloomington},
	Number = {11},
	Publisher = {Eurolingua},
	Series = {Bibliotheca nostratica},
	Subtitle = {A computational reconstruction},
	Title = {The {T}urkic protolanguage},
	Year = {1998}}

@book{kelmakov-etal1999,
	Author = {Kel'makov, Valentin AND H{\"a}nnik{\"a}inen, Sara},
	Date-Added = {2007-07-17 18:06:34 +0200},
	Date-Modified = {2016-05-27 16:10:11 +0000},
	Location = {Helsinki},
	Number = {14},
	Publisher = {Suomalais-Ugrilainen Seura},
	Series = {Hilfsmittel f{\"u}r das Studium der finnisch-ugrischen Sprachen},
	Title = {Udmurtin kielioppia ja harjoituksia},
	Year = {1999}}

@book{alatyrev1970,
	Abstract = {possessive article contrastive-deictic declension},
	Author = {Alatyrev, Vasilij I.},
	Date-Added = {2008-07-27 12:18:52 +0200},
	Date-Modified = {2016-05-28 09:39:44 +0000},
	Location = {I{\v z}evsk},
	Publisher = {Udmurtskij Nau{\v c}no-Issledovatel'skij Institut Istorii, {\.E}konomiki, Literatury i Jazyka},
	Subtitle = {Ras{\v s}irennyj doklad na III Me{\v z}dunarodnom Kongresse Finno-Ugrovedov v. g. Talline},
	Title = {Vydelitel'no-ukazatel'naja kategorija v udmurtskom jazyke},
	Year = {1970}}

@article{kiekbaev1965,
	Author = {Kiekbaev, D{\v z}alil' G.},
	Date-Added = {2009-10-30 14:14:37 +0100},
	Date-Modified = {2009-10-30 14:16:49 +0100},
	Journaltitle = {Sovetskoe finno-ugrovedenie},
	Keywords = {Uralic;Turkic;Noun phrase},
	Number = {4},
	Pages = {237-244},
	Title = {{O grammati{\v c}eskoj kategorij opredelennosti i neopredelennosti v uralo-altajskich jazykach}},
	Volume = {1},
	Year = {1965}}

@book{tauli1966,
	Author = {Tauli, Valter},
	Call-Number = {MR (copy)},
	Date-Added = {2009-05-11 12:35:26 +0200},
	Date-Modified = {2014-11-28 10:17:54 +0000},
	Keywords = {Uralic;Historical linguistics},
	Location = {Bloomington},
	Number = {17},
	Publisher = {Indiana University},
	Series = {Uralic and Altaic Series},
	Title = {Structural Tendencies in {U}ralic Languages},
	Year = {1966}}

@article{kunnap2004,
	Abstract = {Finno-Ugric, Selkup, Turkic and Tungusic share a common (preferred) use of the 3rd person possessive suffix (3Px) in the non-personal definite function. Based on the use of (Northern) Samoyedic languages one could imagine that in a number of Uralic languages the text meant for the addressee (= the 2nd person) sounds natural when determined by means of the 2Px, meaning something like 'the matter heard by you'. The 3Px usage is here related to a more general definiteness (in Samoyedic languages in case of the concepts 'sun', 'moon', 'sky', 'earth' etc., since these phenomena are determined by their unique and universal nature already, not by the listener's hearing). Thus, it may be supposed that a non-personal general-definite function has always been inherent to the Uralic 3Px},
	Author = {K{\"u}nnap, Ago},
	Call-Number = {MR (copy); MR (PDF)},
	Date-Added = {2008-07-27 12:18:52 +0200},
	Date-Modified = {2010-08-05 17:28:11 +0200},
	Journaltitle = {Linguistica Uralica},
	Keywords = {Noun phrase; Typology; Possession; Uralic},
	Number = {1},
	Pages = {1-4},
	Title = {About the non-personal definite function of the {U}ralic 3rd person possessive suffix},
	Volume = {40},
	Year = {2004}}

@book{serebrennikov1963,
	Author = {Serebrennikov, Boris A.},
	Date-Added = {2008-07-27 12:18:52 +0200},
	Date-Modified = {2009-10-30 14:38:48 +0100},
	Keywords = {Uralic;Historical linguistics;Morphology},
	Location = {Moskva},
	Publisher = {Nauka},
	Title = {{Istori{\v c}eskaja morfologija permskich jazykov}},
	Year = {1963}}

@book{alhoniemi1993,
	Author = {Alhoniemi, Alho},
	Call-Number = {MR},
	Date-Added = {2008-07-27 12:18:52 +0200},
	Date-Modified = {2009-04-26 12:06:52 +0200},
	Keywords = {Language description;Uralic},
	Location = {Hamburg},
	Publisher = {Buske},
	Title = {{Grammatik des Tscheremissischen (Mari)}},
	Year = {1993}}

@incollection{helimski2005,
	Abstract = {The "Northern European Sprachbund" (Wagner etc.) is not mentioned},
	Author = {Eugene Helimski},
	Booksubtitle = {A linguistic and cognitive approach},
	Booktitle = {The {U}ralic languages today},
	Date-Added = {2008-07-27 12:18:52 +0200},
	Date-Modified = {2016-04-08 09:48:00 +0000},
	Editor = {Fernandez-Vest, M. M. Jocelyne},
	Location = {Paris},
	Number = {240},
	Pages = {87-99},
	Publisher = {Honor{\'e} Champion},
	Series = {Biblioth{\`e}que de l'Ecole des hautes {\'e}tudes},
	Subtitle = {Areal connections within and across the family},
	Title = {Uralic languages in {S}prachb{\"u}nde},
	Year = {2005}}

@incollection{pavlov1985,
	Author = {Pavlov, Ivan P.},
	Booktitle = {Issledovanija po fonetike, morfologii i frazeologii sovremennogo {\v c}uva{\v s}skogo jazyka},
	Date-Added = {2009-05-16 13:28:56 +0200},
	Date-Modified = {2016-05-27 15:56:01 +0000},
	Editor = {Pavlov, Ivan P.},
	Location = {{\v C}eboksary},
	Pages = {3-15},
	Publisher = {Nau{\v c}no-issledovatel'skij institut jazyka, literatura, istorii i {\.e}konomiki},
	Title = {Kategorija vydelenija v sovremennom {\v c}uva{\v s}skom jazyke},
	Year = {1985}}

@incollection{benzing1963,
	Author = {Benzing, Johannes},
	Booktitle = {{Altaistik: erster Abschnitt Turkologie}},
	Date-Added = {2010-02-05 12:15:08 +0100},
	Date-Modified = {2010-07-18 20:03:03 +0200},
	Editor = {Spuler, Bertold},
	Keywords = {Turkic;Language description},
	Location = {Leiden},
	Number = {1:5},
	Pages = {61-71},
	Publisher = {Brill},
	Series = {Handbuch der Orientalistik},
	Title = {{Das Tschuwaschische}},
	Year = {1963}}

@inbook{mikkola1950,
	Abstract = {p.52 bestimmte Adj im Baltischen und Germanischen},
	Author = {Mikkola, Jooseppi Julius},
	Booktitle = {Formenlehre},
	Date-Added = {2007-12-31 16:19:25 +0100},
	Date-Modified = {2016-04-08 10:05:46 +0000},
	Location = {Heidelberg},
	Mainsubtitle = {Einf{\"u}hrung in das vergleichende Studium der slavischen Sprachen},
	Maintitle = {Urslavische Grammatik},
	Publisher = {Winter},
	Volume = {3},
	Year = {1950}}

@book{leskien1871,
	Author = {Leskien, August},
	Date-Added = {2008-01-04 11:47:29 +0100},
	Date-Modified = {2016-03-22 16:38:31 +0000},
	Location = {Weimar},
	Publisher = {H. B{\"o}hlau},
	Subtitle = {Grammatik, Texte, Glossar},
	Title = {Handbuch der altbulgarischen (altkirchenslavischen) Sprache},
	Year = {1871}}

@book{leskien1919,
	Author = {Leskien, August},
	Date-Added = {2008-01-04 11:49:02 +0100},
	Date-Modified = {2010-01-05 11:13:06 +0100},
	Location = {Heidelberg},
	Publisher = {Winter},
	Title = {{Litauisches Lesebuch mit Grammatik und W{\"o}rterbuch}},
	Year = {1919}}

@article{wijk1935,
	Author = {van Wijk, Nicolaas},
	Call-Number = {MR (copy)},
	Date-Added = {2007-12-28 12:31:32 +0100},
	Date-Modified = {2010-02-15 12:18:34 +0100},
	Journaltitle = {Germanoslavica},
	Keywords = {Noun phrase; Attribution},
	Number = {1},
	Pages = {19-30},
	Rating = {0},
	Read = {Yes},
	Title = {{Eine slavisch-germanische syntaktische Parallele}},
	Volume = {3},
	Year = {1935}}

@incollection{schmidt1959,
	Author = {Schmidt, Karl Horst},
	Booksubtitle = {II {I}ndogermanica -- {O}rientalica},
	Booktitle = {Geburtstagsgabe f{\"u}r {W}ilhelm {W}issmann},
	Date-Added = {2007-12-28 13:08:56 +0100},
	Date-Modified = {2016-05-27 15:36:03 +0000},
	Editor = {Hoffmann, Karl AND Humbach, Helmut},
	Location = {M{\"u}nchen},
	Number = {14},
	Pages = {13-22},
	Publisher = {J. Kitzinger},
	Series = {M{\"u}nchener Studien zur Sprachwissenschaft},
	Title = {Zur {K}omplexion attributiv bestimmter {N}omina und zur {F}rage der ``bestimmten {A}djektiva''},
	Year = {1959}}

@incollection{koch1992,
	Author = {Koch, Christoph},
	Booktitle = {{Indogermanisch, Slawisch und Baltisch: Materialien des vom 21.-22. September 1989 in Jena in Zusammenarbeit mit der Indogermanischen Gesellschaft durchgef{\"u}hrten Kolloquiums}},
	Call-Number = {MR (copy)},
	Date-Added = {2008-01-05 22:17:05 +0100},
	Date-Modified = {2010-02-15 09:27:19 +0100},
	Editor = {Barschel, Bernd AND Kozianka, Maria AND Karin Weber},
	Keywords = {Noun phrase; Adjective; Attribution; Relative clause; Historical linguistics; Slavic; Baltic; Indoeuropean},
	Location = {M{\"u}nchen},
	Pages = {45-88},
	Publisher = {Otto Sagner},
	Title = {{Zur Vorgeschichte des relativen Attributkonnexes im Baltischen und Slavischen}},
	Year = {1992}}

@article{pohl1980,
	Author = {Pohl, Heinz Dieter},
	Date-Added = {2008-01-04 16:24:58 +0100},
	Date-Modified = {2016-03-22 16:47:00 +0000},
	Journaltitle = {Klagenfurter Beitr{\"a}ge zur Sprachwissenschaft},
	Pages = {58-101},
	Subtitle = {Die Fiktion von der baltisch\hyp{}slavischen {S}pracheinheit},
	Title = {Baltisch und {S}lavisch},
	Titleaddon = {Erster {T}eil},
	Volume = {6},
	Year = {1980}}

@article{tolstoj1957,
	Author = {Tolstoj, Nikita I.},
	Call-Number = {MR (copy)},
	Date-Added = {2007-07-19 05:38:07 +0200},
	Date-Modified = {2010-07-19 11:43:12 +0200},
	Journaltitle = {Voprosy slavjanskogo jazykoznanija},
	Keywords = {Noun phrase; Slavic; Adjective; Attribution},
	Pages = {45-122},
	Title = {{Zna{\v c}enie polnych i kratkich form prilagatelnych v staroslavjanskom jazyke}},
	Volume = {2},
	Year = {1957}}

@book{delbruck1893,
	Author = {Delbr{\"u}ck, Berthold},
	Date-Added = {2007-12-30 12:08:54 +0100},
	Date-Modified = {2010-01-04 18:11:37 +0100},
	Location = {Strassburg},
	Publisher = {Tr{\"u}bner},
	Series = {Grundriss der vergleichenden Grammatik der indogermanischen Sprachen},
	Title = {{Vergleichende Syntax der indogermanischen Sprachen}},
	Volume = {1},
	Year = {1893}}

@book{brugmann-etal1916,
	Author = {Brugmann, Karl AND Delbr{\"u}ck, Berthold},
	Date-Added = {2008-01-04 20:38:04 +0100},
	Date-Modified = {2016-03-22 16:39:26 +0000},
	Location = {Stra{\ss}burg},
	Publisher = {Tr{\"u}bner},
	Subtitle = {Kurzgefasste {D}arstellung der {G}eschichte des {A}ltindischen, {A}ltiranischen ({A}vestischen und {A}ltpersischen), {A}ltarmenischen, {A}ltgriechischen, {L}ateinischen, {U}mbrisch-{S}amnitischen, {A}ltirischen, {G}otischen, {A}lthochdeutschen, {L}itauischen und {A}ltkirchenslavischen},
	Title = {Grundriss der vergleichenden {G}rammatik der indogermanischen {S}prachen},
	Year = {1897--1916}}

@article{koch1999,
	Author = {Koch, Christoph},
	Call-Number = {MR (copy)},
	Date-Added = {2007-07-19 06:03:09 +0200},
	Date-Modified = {2016-04-08 09:55:29 +0000},
	Journaltitle = {Zeitschrift f{\"u}r Slavistik},
	Keywords = {Noun phrase;Slavic;Attribution},
	Number = {4},
	Pages = {455-475},
	Subtitle = {Die westslavischen Adverbialadjektiva auf \textit{-ej's-}},
	Title = {Weiterungen des relativen Attributivkonnexes},
	Volume = {44},
	Year = {1999}}

@book{meillet1931,
	Author = {Antoine Meillet},
	Bib = {Diss},
	Date-Added = {2008-09-15 15:44:51 +0200},
	Date-Modified = {2010-01-05 12:13:30 +0100},
	Keywords = {Language description},
	Lid = {Old Persian},
	Location = {Paris},
	Publisher = {Honor{\'e} Champion},
	Title = {{Grammaire du vieux-perse}},
	Year = {1931}}

@incollection{samvelian2007b,
	Author = {Pollet Samvelian},
	Booksubtitle = {Papers in honor of {M}ohammad {R}eza {B}ateni},
	Booktitle = {Aspects of {I}ranian linguistics},
	Date-Added = {2008-09-13 18:16:52 +0200},
	Date-Modified = {2016-05-27 15:40:39 +0000},
	Editor = {Karimi, S. AND Samiian, V. AND Don Stilo},
	Location = {Cambridge},
	Pages = {339-361},
	Publisher = {Cambridge Scholars Publishing},
	Subtitle = {Evidence from {P}ersian and {K}urmanji {K}urdish},
	Title = {The {E}zafe as a head-marking inflectional affix},
	Year = {2007}}

@book{ringe2006,
	Author = {Ringe, Don},
	Date-Added = {2007-11-01 14:40:25 +0100},
	Date-Modified = {2010-02-15 11:35:29 +0100},
	Keywords = {Historical linguistics; Indoeuropean; Germanic},
	Location = {Oxford},
	Publisher = {Oxford University Press},
	Title = {{From Proto-Indo-European to Proto-Germanic}},
	Volume = {1: A Linguistic History of English},
	Year = {2006}}

@incollection{philippi1997,
	Author = {Philippi, Julia},
	Booktitle = {Parameters of morphosyntactic change},
	Date-Added = {2009-05-26 18:16:36 +0200},
	Date-Modified = {2016-05-27 15:44:24 +0000},
	Editor = {Ans van Kemenade AND Nigel Vincent},
	Pages = {62-93},
	Publisher = {Cambridge University Press},
	Title = {The rise of the article in the {G}ermanic languages},
	Year = {1997}}

@incollection{riesler2006a,
	Author = {Michael Rie{{\ss}}ler},
	Bib = {Diss},
	Booktitle = {Grenzg{\"a}nger},
	Booktitleaddon = {Festschrift zum 65. Geburtstag von Jurij Kusmenko},
	Date-Added = {2008-06-18 14:25:07 +0200},
	Date-Modified = {2016-03-22 17:14:37 +0000},
	Editor = {Antje Hornscheidt and Kristina Kotcheva and Tomas Milosch and Michael Rie{{\ss}}ler},
	Keywords = {Areal typology; Typology; Syntax; Morphology; North Germanic; Noun phrase; Attribution},
	Location = {Berlin},
	Number = {9},
	Pages = {258-274},
	Publisher = {Humboldt-Universit{\"a}t zu Berlin},
	Series = {Berliner Beitr{\"a}ge zur Skandinavistik},
	Title = {Die Evolution attributiver Markierungen im Nordgermanischen},
	Year = {2006}}

@incollection{nocentini1996,
	Author = {Nocentini, Alberto},
	Booktitle = {{Determinezza e indeterminezza nelle lingue slave: atti del Convegno svoltosi a Firenze 26-28 ottobre 1995}},
	Call-Number = {MR (copy)},
	Date-Added = {2008-01-04 15:41:25 +0100},
	Date-Modified = {2009-10-30 16:18:06 +0100},
	Editor = {Rosanna Benacchio AND Francesca Fici AND Lucyna Gebert},
	Keywords = {Noun phrase; Attribution; Definiteness; Typology},
	Location = {Firenze},
	Number = {5},
	Pages = {1-9},
	Publisher = {Unipress},
	Series = {Problemi di morfosintassi delle lingue slave},
	Title = {Typology and genesis of the article in the {E}uropean languages},
	Year = {1996}}

@book{kusmenko2008,
	Author = {Jurij Kusmenko},
	Date-Added = {2007-07-02 14:57:38 +0200},
	Date-Modified = {2016-03-22 17:13:58 +0000},
	Location = {Berlin},
	Number = {10},
	Publisher = {Humboldt-Universit{\"a}t zu Berlin},
	Series = {Berliner Beitr{\"a}ge zur Skandinavistik},
	Subtitle = {Beitrag zur nordgermanischen Sprachgeschichte},
	Title = {Der samische Einfluss auf die skandinavischen Sprachen},
	Year = {2008}}

@book{lund1932,
	Author = {Lund, Jens},
	Date-Added = {2008-07-27 12:18:52 +0200},
	Date-Modified = {2010-01-05 11:20:05 +0100},
	Keywords = {North Germanic;Language description;Phonology;Morphology;Danish;Dialectology},
	Location = {K{{\o}}benhavn},
	Publisher = {Rietzel},
	Title = {{Morsingm{\aa}lets Lyd- og Forml{{\ae}}re}},
	Year = {1932}}

@book{delsing1993,
	Author = {Delsing, Lars-Olof},
	Date-Added = {2008-07-27 12:18:52 +0200},
	Date-Modified = {2016-05-28 09:32:08 +0000},
	Keywords = {North Germanic;Noun phrase;Syntax},
	Location = {Lund},
	Publisher = {Lunds universitet},
	Subtitle = {A comparative study},
	Title = {The internal structure of noun phrases in the {S}candinavian languages},
	Year = {1993}}

@book{astrom1893,
	Author = {{\AA}str{\"o}m, Per},
	Date-Added = {2008-07-27 12:18:52 +0200},
	Date-Modified = {2016-05-28 09:37:39 +0000},
	Location = {Stockholm},
	Number = {13:2},
	Publisher = {Kungliga Gustav Adolfs Akademien f{\"o}r svensk folkkultur},
	Series = {Svenska landsm{\aa}l och svenskt folkliv},
	Title = {Degerforsm{\aa}lets forml{\"a}ra},
	Year = {1893}}

@incollection{riesler2001a,
	Author = {Rie{{\ss}}ler, Michael},
	Booktitle = {{Proceedings of the 18th Scandinavian Conference of Linguistics}},
	Date-Added = {2008-07-27 12:18:52 +0200},
	Date-Modified = {2010-02-05 20:51:12 +0100},
	Editor = {Holmer, Arthur and Svantesson, Jan-Olof and Viberg, {\AA}ke},
	Keywords = {Noun phrase;Contact linguistics;Saami linguistics;North Germanic},
	Location = {Lund},
	Number = {39:2},
	Pages = {168-179},
	Publisher = {Lunds universitet},
	Series = {Travaux de l'Institut de Linguistique de Lund},
	Title = {North {S}candinavian and {S}aami -- two morphosyntactic parallels},
	Year = {2001}}

@incollection{riesler2002a,
	Abstract = {Saami linguistics},
	Author = {Michael Rie{{\ss}}ler},
	Booksubtitle = {F{\"o}redrag fr{\aa}n det 5:e studentkollokviet i nordisk spr{\aa}kvetenskap},
	Booktitle = {Str{\"o}vt{\aa}g i nordisk spr{\aa}kvetenskap},
	Date-Modified = {2016-06-01 09:54:54 +0000},
	Editor = {Jurij Kusmenko and Sven Lange},
	Location = {Berlin},
	Number = {27},
	Pages = {78-90},
	Publisher = {Nordeuropa-Institut},
	Series = {Kleine Schriften des Nordeuropa-Instituts},
	Title = {Samiskt och finskt substrat i nordskandinaviska dialekter},
	Year = {2002}}

@incollection{stilo2005,
	Author = {Stilo, Donald},
	Booktitle = {Linguistic Convergence and Areal Diffusion: Case studies from {I}ranian, {S}emitic and {T}urkic},
	Date-Added = {2008-07-27 12:18:52 +0200},
	Date-Modified = {2010-01-04 17:25:42 +0100},
	Editor = {Csat{\'o}, {\'E}va {\'A}gnes and Isaksson, Bo and Jahani, Carina},
	Keywords = {Contact linguistics;Areal typology;Northern Eurasia},
	Location = {London},
	Number = {41:1},
	Pages = {35-63},
	Publisher = {Routledge Curzon},
	Series = {Forum for Modern Language Studies},
	Title = {Iranian as buffer zone between the universal typologies of {T}urkic and {S}emitic},
	Year = {2005}}

@incollection{alekseev1994b,
	Author = {Alekseev, Michail E.},
	Booktitle = {The {N}orth {E}ast {C}aucasian languages 2},
	Call-Number = {Stabi OEL},
	Date-Added = {2009-06-05 13:16:41 +0200},
	Date-Modified = {2010-07-18 18:10:00 +0200},
	Editor = {Rieks Smeets},
	Keywords = {Language description;Caucasus;Northern Eurasia;Europe},
	Location = {Delmar},
	Pages = {259-296},
	Publisher = {Caravan Books},
	Series = {The indigenous languages of the {C}aucasus},
	Title = {Budukh},
	Volume = {4},
	Year = {1994}}

@incollection{kibrik1994b,
	Author = {Kibrik, Aleksandr E.},
	Booktitle = {The {N}orth {E}ast {C}aucasian languages 2},
	Call-Number = {Stabi OEL},
	Date-Added = {2009-06-05 13:25:23 +0200},
	Date-Modified = {2009-06-05 13:25:52 +0200},
	Editor = {Rieks Smeets},
	Keywords = {Language description;Caucasus;Northern Eurasia;Europe},
	Location = {Delmar},
	Pages = {367-406},
	Publisher = {Caravan Books},
	Series = {The indigenous languages of the {C}aucasus},
	Title = {Khinalug},
	Volume = {4},
	Year = {1994}}

@incollection{nielsen1933,
	Author = {Nielsen, Konrad},
	Booktitle = {Liber semisaecularis Societatis Fenno-Ugricae},
	Date-Modified = {2016-05-27 16:10:01 +0000},
	Editor = {Arthur Byhan AND Berthold Laufer AND Just K. Qvigstad AND Karl B. Wiklund},
	Location = {Helsinki},
	Number = {67},
	Pages = {296-307},
	Publisher = {Suomalais-Ugrilainen Seura},
	Series = {Suomalais-Ugrilaisen Seuran Toimituksia},
	Title = {A note on the origin of attributive forms in {L}app},
	Year = {1933}}

@book{atanyi1942,
	Author = {At{\'a}nyi, Istv{\'a}n},
	Date-Modified = {2016-05-28 09:36:36 +0000},
	Location = {Budapest},
	Number = {6},
	Publisher = {Horny{\'a}nszky},
	Series = {Finnugor {\'e}rtekez{\'e}sek},
	Title = {A lapp mell{\'e}knevek attributı́v-predikatı́v alakp{\'a}rjainak k{\'e}rd{\'e}s{\'e}hez},
	Year = {1942}}

@article{atanyi1943,
	Author = {At{\'a}nyi, Istv{\'a}n},
	Date-Added = {2007-12-19 12:35:30 +0100},
	Date-Modified = {2011-01-31 15:55:54 +0100},
	Journaltitle = {Nyelvtudom{\'a}nyi k{\"o}zlem{\'e}nyek},
	Keywords = {Saami linguistics;Noun phrase; Adjective},
	Number = {2},
	Pages = {307-355},
	Title = {{A lapp mell{\'e}knevek attributı́v-predikatı́v alakp{\'a}rjainak k{\'e}rd{\'e}s{\'e}hez}},
	Volume = {51},
	Year = {1943}}

@book{korhonen-m1981,
	Author = {Korhonen, Mikko},
	Bib = {LWT},
	Date-Modified = {2010-01-05 10:54:37 +0100},
	Location = {Helsinki},
	Number = {370},
	Publisher = {Suomalaisen Kirjallisuuden Seura},
	Series = {Suomalaisen Kirjallisuuden Seuran toimituksia},
	Title = {{Johdatus lapin kielen historiaan}},
	Year = {1981}}

@incollection{sarv-m2001,
	Author = {Sarv, Marju},
	Booktitle = {Congressus Nonus Internationalis Fenno-Ugristarum 7.-13.8.2000. Tartu},
	Call-Number = {MR (copy);MR (PDF)},
	Date-Added = {2008-07-27 12:18:52 +0200},
	Date-Modified = {2010-07-19 11:34:06 +0200},
	Editor = {Seilenthal, T{\~o}nu AND Nurk, Anu AND Palo, Triinu},
	Keywords = {Saami linguistics;Adjective; Noun phrase;Kola Saami},
	Location = {Tartu},
	Number = {5: Dissertationes sectionum: Linguistica II},
	Pages = {150-157},
	Publisher = {Eesti Fennougristide Komitee},
	Title = {Predicative and attributive forms of adjectives in {K}ola and {S}kolt {S}ami dialects},
	Year = {2001}}

@book{sammallahti1998b,
	Author = {Pekka Sammallahti},
	Date-Added = {2007-06-26 11:47:06 +0200},
	Date-Modified = {2016-03-22 17:06:39 +0000},
	Location = {K{\'a}r{\'a}{\v s}johka},
	Publisher = {Davvi Girji},
	Subtitle = {An introduction},
	Title = {The {S}aami languages},
	Year = {1998}}

@book{qvigstad1893,
	Author = {Qvigstad, Just Knud},
	Bib = {LWT},
	Call-Number = {MR (copy)},
	Date-Modified = {2008-07-26 15:35:05 +0200},
	Location = {Christiania},
	Number = {1},
	Publisher = {Christiania Videnskabs-Selskab},
	Series = {Christiania Videnskabs-Selskabs Forhandlinger for 1893},
	Title = {Nordische {L}ehnw{\"o}rter im {L}appischen},
	Year = {1893}}

@book{lehtiranta1989,
	Author = {Juhani Lehtiranta},
	Date-Added = {2007-06-26 22:20:20 +0200},
	Date-Modified = {2016-05-27 16:10:29 +0000},
	Location = {Helsinki},
	Number = {200},
	Publisher = {Suomalais-Ugrilainen Seura},
	Read = {Yes},
	Series = {Suomalais-Ugrilaisen Seuran Toimituksia},
	Title = {Yhteissaamelainen sanasto},
	Year = {1989}}

@incollection{skold1954,
	Author = {Sk{\"o}ld, Tryggve},
	Booktitle = {{Scandinavia at Fenno-Ugrica: studier till{\"a}gnade Bj{\"o}rn Collinder}},
	Date-Added = {2008-07-27 12:18:52 +0200},
	Date-Modified = {2010-02-15 12:11:29 +0100},
	Editor = {Str{\"o}mbeck, Dag},
	Keywords = {Saami linguistics;Etymology;Contact linguistics;Historical linguistics;Phonology;North Germanic},
	Location = {Stockholm},
	Pages = {33-48},
	Publisher = {Almqvist \& Wiksell},
	Title = {{Om uttalet av runan R och n{\aa}gra nordiska l{\aa}nord i lapskan}},
	Year = {1954}}

@book{bergsland1946,
	Author = {Bergsland, Knut},
	Date-Modified = {2016-03-22 16:40:08 +0000},
	Keywords = {Saami linguistics; Language description; South Saami},
	Location = {Oslo},
	Number = {43},
	Publisher = {Aschehoug},
	Series = {Instituttet for sammenlignende kulturforskning, Serie B, Skrifter},
	Subtitle = {Et fors{\o}k p{\aa} strukturell spr{\aa}kbeskrivelse},
	Title = {R{\o}ros-lappisk grammatikk},
	Year = {1948}}

@book{judakin1997,
	Author = {Judakin, Anatolij P.},
	Date-Added = {2008-07-27 12:18:52 +0200},
	Date-Modified = {2016-04-08 09:46:30 +0000},
	Location = {Moskva},
	Publisher = {Glas},
	Subtitle = {Stanovlenie sistemy pade{\v z}ej},
	Title = {Sravnitel'no-istori{\v c}eskaja grammatika finno-ugorskich jazykov},
	Year = {1997}}

@book{budenz1870,
	Author = {Budenz, Jozs{\'e}f},
	Date-Added = {2007-12-19 12:27:23 +0100},
	Date-Modified = {2016-05-28 09:34:05 +0000},
	Location = {Pest},
	Publisher = {L. Aigner},
	Title = {Ugrische {S}prachstudien},
	Volume = {1-2},
	Year = {1869-1870}}

@incollection{nielsen1945b,
	Author = {Nielsen, Konrad},
	Booktitle = {Lappiske studier},
	Date-Added = {2008-01-03 17:22:10 +0100},
	Date-Modified = {2016-05-27 16:06:12 +0000},
	Editor = {Nielsen, Konrad},
	Location = {Oslo},
	Number = {1},
	Pages = {199-209},
	Publisher = {A. W. Br{{\o}}ggers boktrykkeri},
	Series = {Studia septentrionalia},
	Title = {A note on the origin of attributive forms in {L}app},
	Year = {1945}}

@article{janhunen1981,
	Author = {Juha Janhunen},
	Call-Number = {MR (copy)},
	Date-Added = {2008-01-03 22:18:19 +0100},
	Date-Modified = {2009-10-30 13:24:10 +0100},
	Journaltitle = {Finnisch-Ugrische Forschungen},
	Keywords = {Language description;Uralic},
	Pages = {23-42},
	Title = {On the structure of {P}roto-{U}ralic},
	Volume = {44},
	Year = {1981}}

@book{bartens1989,
	Author = {Bartens, Hans-Hermann},
	Call-Number = {MR},
	Date-Modified = {2009-05-17 11:51:59 +0200},
	Keywords = {Saami linguistics;Language description;Uralic;North Saami;Textbook},
	Location = {Hamburg},
	Publisher = {Buske},
	Title = {Lehrbuch der saamischen (lappischen) {S}prache},
	Year = {1989}}

@book{bergsland1976,
	Author = {Bergsland, Knut},
	Call-Number = {MR},
	Date-Added = {2008-07-27 12:18:52 +0200},
	Date-Modified = {2010-01-04 17:41:35 +0100},
	Keywords = {Saami linguistics;Language description;North Saami},
	Location = {Wiesbaden},
	Number = {11},
	Publisher = {Harrassowitz},
	Series = {Ver{\"o}ffentlichungen der Societas Uralo-Altaica},
	Title = {{Lappische Grammatik mit Lesest{\"u}cken}},
	Year = {1976}}

@incollection{honti1997,
	Author = {Honti, L{\'a}szl{\'o}},
	Booksubtitle = {Vortr{\"a}ge des Symposiums aus Anla{{\ss}} des 30-j{\"a}hrigen Bestehens der Finnougristik an der Rijksuniversiteit Groningen 21.--23. November 1996},
	Booktitle = {Finnisch-ugrische Sprachen in Kontakt},
	Date-Added = {2009-12-21 12:40:41 +0100},
	Date-Modified = {2016-05-27 16:14:28 +0000},
	Editor = {Hahmo, Sirkka-Liisa AND Hofstra, Tette AND Honti, L{\'a}szl{\'o} AND van Linde, Paul AND Nikkil{\"a}, Osmo},
	Location = {Maastricht},
	Pages = {135-144},
	Publisher = {Shaker},
	Subtitle = {Zum historischen Hintergrund der Attributivkongruenz in uralischen Sprachen},
	Title = {Fremdes oder Eigenst{\"a}ndiges?},
	Year = {1997}}

@article{tauli1955,
	Abstract = {?Saami},
	Author = {Tauli, Valter},
	Date-Added = {2008-07-27 12:18:52 +0200},
	Date-Modified = {2010-07-19 11:38:03 +0200},
	Journaltitle = {Ural-Altaische Jahrb{\"u}cher},
	Keywords = {Contact linguistics;Uralic},
	Pages = {7-31},
	Title = {On the foreign contacts of the {U}ralic languages},
	Volume = {27},
	Year = {1955}}

@incollection{hajdu1996,
	Abstract = {concord agreement},
	Author = {Hajd{\'u}, P{\'e}ter},
	Booktitle = {{{\"u}nnepi k{\"o}nyv Mikola Tibor tisztelet{\'e}re}},
	Date-Added = {2009-12-21 12:46:45 +0100},
	Date-Modified = {2011-01-31 16:07:34 +0100},
	Editor = {M{\'e}sz{\'a}ros, Edit},
	Keywords = {Saami linguistics;Historical linguistics;Noun phrase},
	Location = {Szeged},
	Pages = {114-118},
	Publisher = {JATE Finnugor Tansz{\'e}k},
	Title = {Lapp{\'a}li{\'a}k},
	Year = {1996}}

@article{mark1979,
	Author = {M{\'a}rk, Tam{\'a}s},
	Date-Added = {2007-07-13 11:53:37 +0200},
	Date-Modified = {2007-07-13 11:57:13 +0200},
	Journaltitle = {Finnisch-Ugrische Forschungen},
	Keywords = {Noun phrase: Agreement, Attribution},
	Pages = {208-212},
	Title = {Wortart und {K}ongruenz},
	Volume = {43},
	Year = {1979}}

@article{ravila1941,
	Author = {Ravila, Paavo},
	Date-Added = {2009-12-21 12:55:37 +0100},
	Date-Modified = {2011-01-31 16:19:46 +0100},
	Journaltitle = {Finnisch-ugrische Forschungen},
	Keywords = {Historical linguistics;Uralic;Noun phrase;Attribution},
	Pages = {1-136},
	Title = {{{\"u}ber die Verwendung der Numeruszeichen in den uralischen Sprachen}},
	Volume = {27},
	Year = {1941}}

@incollection{papp1962,
	Author = {Papp, Istv{\'a}n},
	Booktitle = {Commentationes {F}enno-{U}gricae in honorem {P}aavo {R}avila},
	Date-Added = {2009-12-21 12:50:44 +0100},
	Date-Modified = {2016-05-28 08:06:10 +0000},
	Location = {Helsinki},
	Number = {125},
	Pages = {399-412},
	Publisher = {Suomais-Ugrilainen Seura},
	Series = {Suomalais-Ugrilaisen Seuran Toimituksia},
	Title = {Zur Frage der Kongruenz des {A}djektivattributs im {F}innischen},
	Year = {1962}}

@article{leinonen2006a,
	Author = {Leinonen, Marja},
	Date-Added = {2008-07-27 12:18:52 +0200},
	Date-Modified = {2016-04-08 09:52:27 +0000},
	Journaltitle = {Suomalais-Ugrilaisen Seuran Aikakauskirja},
	Pages = {93-114},
	Subtitle = {Komin possessiivisuffiksin ei-possessiivista funktioista},
	Title = {Omistussuhteen ulokkeita},
	Volume = {91},
	Year = {2006}}

@incollection{hudson1997,
	Author = {Hudson, Grover},
	Booktitle = {The {S}emitic languages},
	Date-Added = {2009-12-23 14:45:43 +0100},
	Date-Modified = {2009-12-23 14:47:58 +0100},
	Editor = {Hetzron, Robert},
	Keywords = {Africa;Language description;Semitic},
	Location = {London},
	Pages = {457-485},
	Publisher = {Routledge},
	Series = {Routledge Language Family Descriptions},
	Title = {Amharic and {A}rgobba},
	Year = {1997}}

@incollection{haider-etal1984,
	Author = {Hubert Haider AND Ronald Zwanziger},
	Booktitle = {Historical Syntax},
	Date-Added = {2009-10-30 16:04:12 +0100},
	Date-Modified = {2016-04-08 09:57:15 +0000},
	Editor = {Fisiak, Jacek},
	Keywords = {Noun phrase;Attribution;Indoeuropean;Historical linguistics},
	Location = {Berlin},
	Pages = {137-172},
	Publisher = {Mouton},
	Subtitle = {The `ezafe'\hyp{}construction from {O}ld {I}ranian to {M}odern {P}ersian},
	Title = {Relatively attributive},
	Year = {1984}}

@article{samvelian2007,
	Abstract = {This paper discusses the status of the Ezafe particle -(y)e in Persian and provides an affixal analysis of the Ezafe, formalized within Head-driven Phrase Structure Grammar (HPSG). The Ezafe, a feature of certain Western Iranian languages, is realized as an enclitic and links the head noun to its modifiers and to the possessor NP. The latter follow the head and are linked to one another by the Ezafe. On the basis of crucial empirical facts that have never been discussed in previous studies, I argue that the Ezafe is best regarded as an affix attaching to nominal heads (nouns, adjectives and some prepositions), as well as to nominal intermediate projections, and marking them as expecting a modifier or a direct nominal complement. Viewed as such, the Ezafe construction is an instance of the head-marked pattern of morphological marking of grammatical relations. This analysis differs from all previous accounts of the Ezafe (i.e. as case-marker, syntactic or phonological linker) and entails that the Ezafe, which originated in the Old Iranian relative particle -hya, has undergone a process of reanalysis-grammaticalization, to end up as a part of nominal morphology.},
	Author = {Samvelian, Pollet},
	Date-Added = {2008-07-27 12:18:52 +0200},
	Date-Modified = {2010-02-15 11:51:52 +0100},
	Journaltitle = {Journal of Linguistics},
	Keywords = {Noun phrase;Attribution},
	Number = {3},
	Pages = {605-645},
	Title = {A (phrasal) affix analysis of the {P}ersian {\it {E}zafe}},
	Volume = {43},
	Year = {2007}}

@incollection{koptjevskaja-tamm2006,
	Author = {Koptjevskaja-Tamm, Maria},
	Booksubtitle = {Convergence in historical and typological perspective},
	Booktitle = {Linguistic areas},
	Date-Added = {2009-12-17 14:10:28 +0100},
	Date-Modified = {2016-04-08 09:51:37 +0000},
	Editor = {Matras, Yaron AND April McMahon AND Nigel Vincent},
	Location = {Houndmills},
	Pages = {182-226},
	Publisher = {Palgrave Macmillan},
	Subtitle = {Two potential isoglosses in the {C}ircum-{B}altic area},
	Title = {The circle that won't come full},
	Year = {2006}}

@book{heine-etal2005,
	Author = {Heine, Bernd and Kuteva, Tania},
	Date-Added = {2008-07-27 12:18:52 +0200},
	Date-Modified = {2010-01-05 10:26:07 +0100},
	Keywords = {Contact linguistics;Areal typology},
	Location = {Cambridge},
	Publisher = {Cambridge University Press},
	Series = {Cambridge approaches to language contact},
	Title = {Language contact and grammatical change},
	Year = {2005}}

@incollection{riesler2009,
	Author = {Michael Rie{{\ss}}ler},
	Booktitle = {Loanwords in the world's languages: a comparative handbook of lexical borrowing},
	Date-Added = {2010-06-23 14:39:26 +0200},
	Date-Modified = {2010-10-20 15:19:24 +0200},
	Editor = {Martin Haspelmath AND Uri Tadmor},
	Keywords = {Contact linguistics;Typology;Saami linguistics},
	Location = {Berlin},
	Pages = {384-413},
	Publisher = {de Gruyter Mouton},
	Title = {{Loanwords in Kildin Saami, a Uralic language of northern Europe}},
	Year = {2009}}

@book{everett-etal1997,
	Author = {Daniel L. Everett AND Barbara Kern},
	Date-Added = {2010-07-12 18:00:29 +0200},
	Date-Modified = {2016-03-22 17:02:33 +0000},
	Keywords = {Language description},
	Location = {London},
	Publisher = {Routledge},
	Series = {Routledge Descriptive Series},
	Subtitle = {The {P}acaas {N}ovos language of {W}estern {B}razil},
	Title = {Wari'},
	Year = {1997}}

@book{kouwenberg1994,
	Author = {Kouwenberg, Silvia},
	Date-Added = {2009-06-19 13:09:29 +0200},
	Date-Modified = {2010-01-05 10:55:12 +0100},
	Keywords = {Language description;Creole},
	Location = {Berlin},
	Number = {12},
	Publisher = {Mouton de Gruyter},
	Series = {Mouton Grammar Library},
	Title = {Berbice {D}utch {C}reole},
	Year = {1994}}

@book{chirikba2003,
	Author = {Viacheslav A. Chirikba},
	Date-Added = {2009-06-11 10:54:35 +0200},
	Date-Modified = {2010-01-04 17:57:00 +0100},
	Keywords = {Language description;Caucasus;Europe},
	Location = {M{\"u}nchen},
	Number = {119},
	Publisher = {LINCOM Europa},
	Series = {Languages of the World/Materials},
	Title = {Abkhaz},
	Year = {2003}}

@incollection{paris1989,
	Author = {Paris, Catherine},
	Booktitle = {The {N}orth {W}est {C}aucasian languages},
	Call-Number = {Stabi OEL},
	Date-Added = {2009-06-05 11:47:52 +0200},
	Date-Modified = {2011-01-31 16:05:59 +0100},
	Editor = {Hewitt, George B.},
	Keywords = {Language description;Caucasus;Europe;Northern Eurasia},
	Location = {Delmar},
	Pages = {155-260},
	Publisher = {Caravan Books},
	Series = {The indigenous languages of the {C}aucasus},
	Title = {West {C}ircassian ({A}dyghe: {A}bzakh dialect)},
	Volume = {2},
	Year = {1994}}

@book{colarusso2006,
	Author = {Colarusso, John},
	Date-Added = {2009-06-17 19:18:17 +0200},
	Date-Modified = {2011-01-31 16:04:56 +0100},
	Keywords = {Language description;Caucasus;Europe;Abkhaz-Adyge},
	Location = {M{\"u}nchen},
	Number = {200},
	Publisher = {LINCOM Europa},
	Series = {Languages of the World/Materials},
	Title = {Kabardian ({E}ast {C}ircassian)},
	Year = {2006}}

@incollection{nguyen1987,
	Author = {Đı̀nh-Ho{\`a} Nguy\~{{\^e}}n},
	Bib = {Diss},
	Booktitle = {The world's major languages},
	Date-Added = {2008-09-18 15:17:58 +0200},
	Date-Modified = {2010-02-14 16:12:17 +0100},
	Editor = {Bernard Comrie},
	Keywords = {Language description},
	Location = {London},
	Pages = {777-796},
	Publisher = {Routledge},
	Series = {Routledge Language Family Series},
	Title = {Vietnamese},
	Year = {1987}}

@phdthesis{szakos1994,
	Author = {Szakos, J{\'o}zsef},
	Date-Added = {2009-06-19 14:14:13 +0200},
	Date-Modified = {2016-03-22 16:58:59 +0000},
	Location = {K{\"o}ln},
	School = {Rheinische Friedrich-Wilhelms-Universit{\"a}t},
	Subtitle = {Untersuchungen zur Synchronie einer austronesischen Sprache auf Taiwan},
	Title = {Die Sprache der Cou},
	Year = {1994}}

@incollection{schachter1987,
	Author = {Paul Schachter},
	Bib = {Diss},
	Booktitle = {The world's major languages},
	Date-Added = {2008-09-18 16:10:49 +0200},
	Date-Modified = {2010-02-14 16:12:05 +0100},
	Editor = {Bernard Comrie},
	Keywords = {Language description},
	Location = {London},
	Pages = {936-958},
	Publisher = {Routledge},
	Series = {Routledge Language Family Series},
	Title = {Tagalog},
	Year = {1987}}

@book{kutsch-lojenga1994,
	Author = {Kutsch Lojenga, Constance},
	Date-Added = {2009-06-19 13:16:25 +0200},
	Date-Modified = {2016-04-08 09:56:13 +0000},
	Location = {K{\"o}ln},
	Number = {9},
	Publisher = {K{\"o}ppe},
	Series = {Nilo\hyp{}Saharan. Linguistic Analyses and Documentation},
	Subtitle = {A {C}entral-{S}udanic language of {Z}aire},
	Title = {Ngiti},
	Year = {1994}}

@book{wolff1993,
	Author = {Wolff, Ekkehard H.},
	Call-Number = {MR},
	Date-Added = {2009-12-23 17:55:39 +0100},
	Date-Modified = {2016-05-25 15:08:09 +0000},
	Location = {M{\"u}nster},
	Number = {2},
	Publisher = {Lit},
	Series = {Hamburger Beitr{\"a}ge zur Afrikanistik},
	Subtitle = {Zur {B}egleitung des {F}remdsprachenunterrichts und zur {E}inf{\"u}hrung in das {S}elbststudium},
	Title = {Referenzgrammatik des {H}ausa},
	Year = {1993}}

@incollection{zukova1997,
	Author = {{\v Z}ukova, Alevtina N.},
	Booktitle = {Paleoaziatskie jazyki},
	Date-Added = {2008-09-21 15:06:47 +0200},
	Date-Modified = {2016-05-25 14:54:54 +0000},
	Editor = {Jarceva, Viktorija N.},
	Keywords = {Language description;Northern Eurasia},
	Location = {Moskva},
	Pages = {39-53},
	Publisher = {Indrik},
	Series = {Jazyki mira},
	Title = {Korjakskij jazyk},
	Year = {1997}}

@book{stroomer1995,
	Author = {Harry Stroomer},
	Bib = {Diss},
	Date-Added = {2008-09-18 15:54:27 +0200},
	Date-Modified = {2009-06-19 13:45:33 +0200},
	Keywords = {Language description},
	Location = {K{\"o}ln},
	Number = {11},
	Publisher = {K{\"o}ppe},
	Series = {Cushitic Language Studies},
	Title = {A grammar of {B}oraane {O}romo ({K}enya)},
	Year = {1995}}

@book{asher1982,
	Author = {Asher, Ron E.},
	Date-Added = {2009-06-19 13:34:25 +0200},
	Date-Modified = {2009-06-19 13:36:34 +0200},
	Location = {Amsterdam},
	Number = {7},
	Publisher = {North-Holland},
	Series = {Lingua Descriptive Studies},
	Title = {Tamil},
	Year = {1982}}

@book{fortescue1984,
	Author = {Fortescue, Michael},
	Date-Added = {2009-06-19 14:11:04 +0200},
	Date-Modified = {2009-06-19 14:12:10 +0200},
	Keywords = {Language description;Eskimo},
	Location = {London},
	Publisher = {Croom Helm},
	Title = {West {G}reenlandic},
	Year = {1984}}

@book{merlan1983,
	Author = {Merlan, Franceska},
	Date-Added = {2009-06-19 13:40:50 +0200},
	Date-Modified = {2009-06-19 13:41:57 +0200},
	Location = {Canberra},
	Number = {B:89},
	Publisher = {Australian National University},
	Series = {Pacific Linguistics},
	Title = {Ngalakan grammar, texts, and vocabulary},
	Year = {1983}}

@book{harriehausen1990,
	Author = {Harriehausen, Bettina},
	Date-Added = {2009-06-19 13:12:05 +0200},
	Date-Modified = {2016-03-22 16:56:19 +0000},
	Keywords = {Language description},
	Location = {T{\"u}bingen},
	Number = {245},
	Publisher = {Niemeyer},
	Series = {Linguistische Arbeiten},
	Subtitle = {Syntaktische Analyse einer gesprochenen Sprache mithilfe datenverarbeitungstechnischer Mittel und sprachvergleichender Beschreibung des s{\"u}dostasiatischen Sprachraumes},
	Title = {Hmong Njua},
	Year = {1990}}

@book{nau1996,
	Author = {Nicole Nau},
	Date-Added = {2009-12-23 15:49:05 +0100},
	Date-Modified = {2016-05-28 08:22:10 +0000},
	Location = {M{\"u}nchen},
	Number = {217},
	Publisher = {LINCOM Europa},
	Series = {Languages of the World/Materials},
	Title = {Latvian},
	Year = {1996}}

@book{press2005,
	Author = {Ian Press},
	Date-Added = {2009-12-23 15:50:29 +0100},
	Date-Modified = {2016-05-28 08:19:48 +0000},
	Location = {M{\"u}nchen},
	Number = {439},
	Publisher = {LINCOM Europa},
	Series = {Languages of the World/Materials},
	Title = {Standard {L}ithuanian},
	Year = {2005}}

@book{phillips2004,
	Author = {John D. Phillips},
	Date-Added = {2009-12-23 16:00:27 +0100},
	Date-Modified = {2016-05-28 08:21:51 +0000},
	Location = {M{\"u}nchen},
	Number = {434},
	Publisher = {LINCOM Europa},
	Series = {Languages of the World/Materials},
	Title = {Manx grammar},
	Year = {2004}}

@book{lockwood1955,
	Author = {Lockwood, William B.},
	Date-Added = {2009-12-23 16:38:29 +0100},
	Date-Modified = {2010-07-19 11:12:33 +0200},
	Location = {K{{\o}}benhavn},
	Publisher = {Ejnar Munksgaard},
	Title = {An introduction to {M}odern {F}aroese},
	Year = {1955}}

@book{donaldson1997,
	Author = {Donaldson, Bruce},
	Date-Added = {2009-06-08 14:52:48 +0200},
	Date-Modified = {2016-05-28 09:31:12 +0000},
	Location = {London},
	Publisher = {Routledge},
	Series = {Routledge grammars},
	Subtitle = {A comprehensive grammar},
	Title = {Dutch},
	Year = {1997}}

@book{tiersma1985,
	Author = {Tiersma, Peter Meijes},
	Date-Added = {2009-12-23 16:43:29 +0100},
	Date-Modified = {2009-12-23 16:44:24 +0100},
	Location = {Dordrecht},
	Publisher = {Foris},
	Title = {Frisian reference grammar},
	Year = {1985}}

@book{reese2006,
	Author = {Reese, Johannes},
	Date-Added = {2009-12-22 11:58:58 +0100},
	Date-Modified = {2016-05-28 08:19:14 +0000},
	Location = {M{\"u}nchen},
	Number = {462},
	Publisher = {LINCOM Europa},
	Series = {Languages of the World/Materials},
	Subtitle = {The modern {A}lemannic vernacular in and around {Z}urich},
	Title = {Swiss {G}erman},
	Year = {2006}}

@book{matras-etal2003,
	Author = {Yaron Matras and Gertrud Reershemius},
	Date-Added = {2009-12-22 13:41:05 +0100},
	Date-Modified = {2010-01-05 12:12:18 +0100},
	Keywords = {Language description;Indoeuropean;Germanic},
	Location = {M{\"u}nchen},
	Number = {421},
	Publisher = {LINCOM Europa},
	Series = {Languages of the World/Materials},
	Title = {{Low German}},
	Year = {2003}}

@book{schanen-etal2006,
	Author = {Schanen, Fran{\c c}ois AND Zimmer, Jacqui},
	Date-Added = {2009-12-23 16:53:12 +0100},
	Date-Modified = {2010-01-04 17:12:35 +0100},
	Keywords = {Language description;Indoeuropean;Europe},
	Location = {Esch-sur-Alzette},
	Publisher = {Schortgen},
	Title = {{L{\"e}tzebuergesch Grammaire}},
	Volume = {1-3},
	Year = {2005-2006}}

@book{katz1987,
	Author = {Katz, Dovid},
	Date-Added = {2010-01-04 16:10:49 +0100},
	Date-Modified = {2010-01-04 16:12:02 +0100},
	Keywords = {Language description;Indoeuropean;Europe},
	Location = {London},
	Publisher = {Duckworth},
	Title = {Grammar of the {Y}iddish language},
	Year = {1987}}

@incollection{oranskaja2001,
	Author = {Oranskaja, Tat'jana I.},
	Crossref = {vonogradovEtAl2001a},
	Date-Added = {2009-06-17 20:57:06 +0200},
	Date-Modified = {2016-05-28 10:06:34 +0000},
	Pages = {413-426},
	Title = {Par'ja jazyk},
	Xref = {vonogradovEtAl2001a}}

@book{cech2006,
	Author = {Cech, Petra},
	Date-Added = {2009-12-23 15:41:50 +0100},
	Date-Modified = {2016-05-28 09:32:34 +0000},
	Location = {M{\"u}nchen},
	Number = {457},
	Publisher = {LINCOM Europa},
	Series = {Languages of the World/Materials},
	Subtitle = {The dialect of the {D}olenjski {R}oma in {N}ovo {M}esto and {B}ela {K}rajina, {S}lovenia},
	Title = {Dolenjska {R}omani},
	Year = {2006}}

@book{tenser2005,
	Author = {Tenser, Anton},
	Date-Added = {2009-12-23 15:44:30 +0100},
	Date-Modified = {2016-05-28 08:12:59 +0000},
	Location = {M{\"u}nchen},
	Number = {452},
	Publisher = {LINCOM Europa},
	Series = {Languages of the World/Materials},
	Title = {Lithuanian {R}omani},
	Year = {2005}}

@book{cech-etal2003,
	Abstract = {Sepecides is a non-vlah Romani dialect (Romani belonging to the New Indian languages) spoken by several related grand families now living in Izmir/Tur key and Volos/Greece. This formerly united group of basket weavers split up around 1920, when exchanges of Greek/Turkish population took place. One pa rt of the group migrated to Turkey and settled finally in Izmir, the others moved to Volos (Greece) and stayed there. Since then their previously unif orm Romani developed under different linguistical conditions. Both variants are endangered in their transmission to the younger generation by the impa ct of TV and school education. The Izmir variety of Sepe..ides shows the characteristics of other non-Vlah dialects like unshortened pronominal forms, Greek, Southern-Slavic but no Rumanian lexems etc. under the influe nce of the agglutinative Turkish language it has preserved a rich derivatio nal morphology absent from corresponding dialects. As Sepecides has not previously been described, the sketch will present a survey of the entire grammatical system as well as short chapters on phon ology and syntax. One chapter will analyze the various influences of the Turkish language on Sepe..ides and their morphological and idiomatical implications. Investigations are based on approx. 130 hours of recorded ta lks ranging from tales, songs, and biographical notes to short anecdotes an d explanations of phrases and proverbs.},
	Author = {Cech, Petra and Heinschink, Mozes F.},
	Date-Added = {2008-07-27 12:18:52 +0200},
	Date-Modified = {2016-04-08 09:34:49 +0000},
	Location = {??},
	Number = {109},
	Publisher = {LINCOM Europa},
	Series = {Languages of the World/Materials},
	Title = {Sepecides-Romani},
	Year = {2003}}

@book{holzinger1995,
	Author = {Holzinger, Daniel},
	Date-Added = {2009-12-23 15:46:11 +0100},
	Date-Modified = {2016-05-28 09:28:58 +0000},
	Location = {M{\"u}nchen},
	Number = {105},
	Publisher = {LINCOM Europa},
	Series = {Languages of the World/Materials},
	Title = {Romanes},
	Year = {1995}}

@book{aygen2007,
	Author = {G{\"u}l{\c s}at Aygen},
	Date-Added = {2009-12-23 15:47:29 +0100},
	Date-Modified = {2016-05-28 09:34:25 +0000},
	Location = {M{\"u}nchen},
	Number = {468},
	Publisher = {LINCOM Europa},
	Series = {Languages of the World/Materials},
	Title = {Kurmanjı̂ {K}urdish},
	Year = {2007}}

@incollection{payne1989,
	Author = {Payne, John},
	Booktitle = {Compendium Linguarum Iranicarum},
	Call-Number = {MR (PDF)},
	Date-Added = {2010-02-15 12:40:12 +0100},
	Date-Modified = {2010-02-15 12:44:15 +0100},
	Editor = {R{\"u}diger Schmitt},
	Keywords = {Iranian;Pamir},
	Location = {Wiesbaden},
	Pages = {417-444},
	Publisher = {Ludwig Reichert},
	Title = {Pamir languages},
	Year = {1989}}

@book{ido2005,
	Author = {Ido, Shinji},
	Date-Added = {2009-06-16 21:36:17 +0200},
	Date-Modified = {2010-07-19 10:43:38 +0200},
	Keywords = {Language description;IE;Northern Eurasia},
	Location = {M{\"u}nchen},
	Number = {442},
	Publisher = {LINCOM Europa},
	Series = {Languages of the World/Materials},
	Title = {Tajik},
	Year = {2005}}

@incollection{dzidalaev2000,
	Abstract = {Джидалаев Нурислам Сиражутинович},
	Author = {D{\v z}idalaev, Nurislam S.},
	Crossref = {gamzatov2000},
	Date-Added = {2009-06-11 16:06:21 +0200},
	Date-Modified = {2016-05-28 10:11:02 +0000},
	Pages = {218-236},
	Title = {Tatskij jazyk},
	Xref = {gamzatov2000}}

@incollection{harris1997,
	Author = {Harris, Martin},
	Booktitle = {The {R}omance languages},
	Date-Added = {2009-12-23 16:41:13 +0100},
	Date-Modified = {2010-01-05 10:04:34 +0100},
	Editor = {Harris, Martin AND Nigel Vincent},
	Location = {London},
	Pages = {209-245},
	Publisher = {Routledge},
	Series = {Routledge Language Family Descriptions},
	Title = {French},
	Year = {1997}}

@book{perez-bouza1996,
	Author = {P{\'e}rez Bouza, Jos{\'e} A.},
	Date-Added = {2009-12-23 16:44:53 +0100},
	Date-Modified = {2009-12-23 16:46:16 +0100},
	Location = {M{\"u}nchen},
	Number = {70},
	Publisher = {LINCOM Europa},
	Series = {Languages of the World/Materials},
	Title = {{El Gallego}},
	Year = {1996}}

@book{maiden-etal2000,
	Author = {Maiden, Martin AND Cecilia Robustelli},
	Date-Added = {2010-01-04 16:13:34 +0100},
	Date-Modified = {2010-01-04 16:15:08 +0100},
	Keywords = {Language description;Indoeuropean;Europe},
	Location = {London},
	Publisher = {Edward Arnold},
	Title = {A reference grammar of {M}odern {I}talian},
	Year = {2000}}

@book{gartner1998,
	Author = {G{\"a}rtner, Eberhard},
	Date-Added = {2009-12-23 16:55:16 +0100},
	Date-Modified = {2009-12-23 16:56:41 +0100},
	Location = {T{\"u}bingen},
	Publisher = {Niemeyer},
	Title = {{Grammatik der portugiesischen Sprache}},
	Year = {1998}}

@incollection{haiman1997,
	Author = {Haiman, John},
	Bib = {Diss},
	Booktitle = {The {R}omance languages},
	Date-Added = {2008-09-13 06:24:53 +0200},
	Date-Modified = {2010-01-05 10:04:11 +0100},
	Editor = {Harris, Martin and Vincent, Nigel},
	Keywords = {Language description},
	Location = {London},
	Pages = {351-390},
	Publisher = {Routledge},
	Series = {Routledge Language Family Descriptions},
	Title = {{Rhaeto-Romance}},
	Year = {1997}}

@book{torrego1998,
	Author = {Torrego, Leonardo G{\'o}mez},
	Call-Number = {MR},
	Date-Added = {2009-12-23 17:06:06 +0100},
	Date-Modified = {2011-01-31 16:22:48 +0100},
	Location = {Madrid},
	Publisher = {SM},
	Title = {{Gram{\'a}tica did{\'a}ctica del Espa{\~n}ol}},
	Year = {1998}}

@book{hualde1992,
	Author = {Hualde, Jos{\'e} Ignacio},
	Date-Added = {2009-12-23 17:09:29 +0100},
	Date-Modified = {2009-12-23 17:10:54 +0100},
	Location = {London},
	Publisher = {Routledge},
	Series = {Descriptive grammars},
	Title = {Catalan},
	Year = {1992}}

@book{giacomo-marcellesi1997,
	Author = {Math{\'e}e Giacomo-Marcellesi},
	Date-Added = {2009-12-23 16:47:10 +0100},
	Date-Modified = {2009-12-23 16:48:12 +0100},
	Location = {M{\"u}nchen},
	Number = {65},
	Publisher = {LINCOM Europa},
	Series = {Languages of the World/Materials},
	Title = {Corse},
	Year = {1997}}

@incollection{jones1997,
	Author = {Jones, Michael},
	Bib = {Diss},
	Booktitle = {The {R}omance languages},
	Date-Added = {2009-12-23 17:02:19 +0100},
	Date-Modified = {2009-12-23 17:03:04 +0100},
	Editor = {Harris, Martin and Vincent, Nigel},
	Keywords = {Language description},
	Location = {London},
	Pages = {314-350},
	Publisher = {Routledge},
	Series = {Routledge Language Family Descriptions},
	Title = {Sardinian},
	Year = {1997}}

@incollection{mayo1993,
	Author = {Mayo, Peter},
	Booktitle = {The {S}lavonic languages},
	Date-Added = {2009-06-12 15:21:10 +0200},
	Date-Modified = {2009-06-12 15:22:17 +0200},
	Editor = {Bernard Comrie AND Greville G. Corbett},
	Keywords = {Language description},
	Location = {London},
	Pages = {887-946},
	Publisher = {Routledge},
	Series = {Routledge Language Family Descriptions},
	Title = {Belorussian},
	Year = {1993}}

@incollection{shevelov1993,
	Author = {Shevelov, George Y.},
	Booktitle = {The {S}lavonic languages},
	Date-Added = {2009-06-12 15:22:31 +0200},
	Date-Modified = {2009-06-12 15:23:18 +0200},
	Editor = {Bernard Comrie AND Greville G. Corbett},
	Keywords = {Language description},
	Location = {London},
	Pages = {947-998},
	Publisher = {Routledge},
	Series = {Routledge Language Family Descriptions},
	Title = {Ukrainian},
	Year = {1993}}

@book{friedman2002,
	Author = {Victor A. Friedman},
	Date-Added = {2009-06-08 09:29:26 +0200},
	Date-Modified = {2009-06-08 09:30:37 +0200},
	Keywords = {Language description},
	Location = {M{\"u}nchen},
	Number = {117},
	Publisher = {LINCOM Europa},
	Series = {Languages of the World/Materials},
	Title = {Macedonian},
	Year = {2002}}

@book{janda-etal2000,
	Author = {Laura A. Janda AND Charles E. Townsend},
	Date-Added = {2009-06-08 09:31:57 +0200},
	Date-Modified = {2010-07-19 10:55:36 +0200},
	Keywords = {Language description},
	Location = {M{\"u}nchen},
	Number = {125},
	Publisher = {LINCOM Europa},
	Series = {Languages of the World/Materials},
	Title = {Czech},
	Year = {2000}}

@incollection{stone1993b,
	Author = {Gerald Stone},
	Booktitle = {The {S}lavonic languages},
	Call-Number = {MR (copy)},
	Date-Added = {2008-09-19 15:14:11 +0200},
	Date-Modified = {2010-01-04 17:25:47 +0100},
	Editor = {Bernard Comrie AND Greville G. Corbett},
	Keywords = {Language description},
	Location = {London},
	Pages = {759-794},
	Publisher = {Routledge},
	Series = {Routledge Language Family Descriptions},
	Title = {Cassubian},
	Year = {1993}}

@book{feldstein-etal2002,
	Author = {Ronald Feldstein AND Steven Franks},
	Date-Added = {2009-12-23 16:01:41 +0100},
	Date-Modified = {2016-05-28 09:30:54 +0000},
	Location = {M{\"u}nchen},
	Number = {393},
	Publisher = {LINCOM Europa},
	Series = {Languages of the World/Materials},
	Title = {Polish},
	Year = {2002}}

@incollection{short1993b,
	Author = {Short, David},
	Booktitle = {The {S}lavonic languages},
	Date-Added = {2009-06-12 15:18:23 +0200},
	Date-Modified = {2010-02-15 10:53:09 +0100},
	Editor = {Bernard Comrie AND Greville G. Corbett},
	Keywords = {Slavic languages;Language description},
	Location = {London},
	Pages = {533-592},
	Publisher = {Routledge},
	Series = {Routledge Language Family Descriptions},
	Title = {Slovak},
	Year = {1993}}

@incollection{stone1993a,
	Author = {Stone, Gerald},
	Booktitle = {The {S}lavonic languages},
	Date-Added = {2009-06-12 15:16:59 +0200},
	Date-Modified = {2010-02-15 10:53:02 +0100},
	Editor = {Bernard Comrie AND Greville G. Corbett},
	Keywords = {Slavic languages;Language description},
	Location = {London},
	Pages = {593-685},
	Publisher = {Routledge},
	Series = {Routledge Language Family Descriptions},
	Title = {Sorbian},
	Year = {1993}}

@book{schaarschmidt2004,
	Author = {Gunter Schaarschmidt},
	Date-Added = {2009-12-23 16:03:39 +0100},
	Date-Modified = {2016-05-28 08:18:54 +0000},
	Location = {M{\"u}nchen},
	Number = {160},
	Publisher = {LINCOM Europa},
	Series = {Languages of the World/Materials},
	Title = {Upper {S}orbian},
	Year = {2004}}

@book{mithun-etal1982,
	Author = {Mithun, Marianne AND Henry, Reginald},
	Date-Added = {2010-01-04 16:18:38 +0100},
	Date-Modified = {2010-01-04 16:20:43 +0100},
	Keywords = {Language description},
	Location = {Brantford},
	Publisher = {Woodland Indian Cultural and Educational Centre},
	Title = {A {C}ayuga grammar},
	Year = {1982}}

@book{reh1985,
	Author = {Reh, Mechthild},
	Date-Added = {2009-06-19 14:01:22 +0200},
	Date-Modified = {2016-03-22 16:54:56 +0000},
	Location = {Berlin},
	Publisher = {Reimer},
	Subtitle = {Beschreibung, Texte, W{\"o}rterverzeichni{\ss}},
	Title = {Die Krongo-Sprache (Nı̀in{\`o} M{\'o}-dı̀)},
	Year = {1985}}

@book{cherchi1999,
	Author = {Marcello Cherchi},
	Date-Added = {2009-06-11 11:18:00 +0200},
	Date-Modified = {2010-02-15 12:37:17 +0100},
	Keywords = {Caucasus;Europe;Language description},
	Location = {M{\"u}nchen},
	Number = {147},
	Publisher = {LINCOM Europa},
	Series = {Languages of the World/Materials},
	Title = {Georgian},
	Year = {1999}}

@incollection{holisky1991,
	Author = {Holisky, Dee Ann},
	Booktitle = {The {K}artvelian languages},
	Call-Number = {Stabi OEL},
	Date-Added = {2009-06-03 15:07:24 +0200},
	Date-Modified = {2009-06-03 16:26:27 +0200},
	Editor = {Harris, Alice C.},
	Keywords = {Historical linguistics;Kartvelian},
	Location = {Delmar},
	Pages = {395-472},
	Publisher = {Caravan Books},
	Series = {The indigenous languages of the {C}aucasus},
	Title = {Laz},
	Volume = {1},
	Year = {1991}}

@book{hagman1977,
	Author = {Hagman, Roy Stephan},
	Date-Added = {2010-01-05 10:00:57 +0100},
	Date-Modified = {2014-11-28 10:13:00 +0000},
	Location = {Bloomington},
	Number = {15},
	Publisher = {Indiana University Press},
	Series = {Language Science Monographs},
	Title = {Nama {H}ottentott grammar},
	Year = {1977}}

@book{conrad1991,
	Author = {Conrad, Robert J.},
	Date-Added = {2009-06-19 13:24:44 +0200},
	Date-Modified = {2009-06-19 13:26:24 +0200},
	Location = {Canberra},
	Number = {C:113},
	Publisher = {Australian National University},
	Series = {Pacific Linguistics},
	Title = {An outline of {B}ukiyip grammar},
	Year = {1991}}

@book{zuniga2000,
	Author = {Z{\'u}{\~n}iga, Fernando},
	Date-Added = {2010-01-04 16:21:14 +0100},
	Date-Modified = {2016-05-25 15:10:10 +0000},
	Keywords = {Language description},
	Location = {M{\"u}nchen},
	Number = {376},
	Publisher = {LINCOM Europa},
	Series = {Languages of the World/Materials},
	Title = {Mapudungun},
	Year = {2000}}

@incollection{skribnik2003,
	Author = {Elena Skribnik},
	Crossref = {janhunen2003a},
	Date-Added = {2008-09-16 13:27:53 +0200},
	Date-Modified = {2016-05-26 16:10:35 +0000},
	Pages = {102-128},
	Title = {Buryat},
	Xref = {janhunen2003a}}

@incollection{blasing2003,
	Author = {Uwe Bl{\"a}sing},
	Crossref = {janhunen2003a},
	Date-Added = {2008-09-16 13:21:21 +0200},
	Date-Modified = {2016-05-26 16:09:56 +0000},
	Pages = {229-247},
	Title = {Kalmuck},
	Xref = {janhunen2003a}}

@book{janhunen2005,
	Author = {Juha Janhunen},
	Bib = {Diss},
	Date-Added = {2009-06-08 09:22:30 +0200},
	Date-Modified = {2016-05-28 09:28:42 +0000},
	Keywords = {Language description},
	Location = {M{\"u}nchen},
	Number = {173},
	Publisher = {LINCOM Europa},
	Series = {Languages of the World/Materials},
	Title = {Khamnigan {M}ongol},
	Year = {2005}}

@incollection{birtalan2003,
	Author = {Birtalan, {\'A}gnes},
	Crossref = {janhunen2003a},
	Date-Added = {2008-09-16 13:25:48 +0200},
	Date-Modified = {2016-05-26 16:09:28 +0000},
	Pages = {210-228},
	Title = {Oirat},
	Xref = {janhunen2003a}}

@book{kimball1991,
	Author = {Kimball, Geoffrey},
	Date-Added = {2009-06-19 13:50:08 +0200},
	Date-Modified = {2010-01-05 10:45:52 +0100},
	Location = {Lincoln},
	Publisher = {University of Nebraska Press},
	Title = {Koasati grammar},
	Year = {1991}}

@incollection{magomedbekova2000,
	Author = {Magomedbekova, Zagidat M.},
	Crossref = {gamzatov2000},
	Date-Added = {2009-06-11 15:57:18 +0200},
	Date-Modified = {2016-05-28 10:10:30 +0000},
	Pages = {306-318},
	Title = {Achvachskij jazyk},
	Xref = {gamzatov2000}}

@incollection{saidova2000,
	Author = {Saidova, Patimat A.},
	Crossref = {gamzatov2000},
	Date-Added = {2009-06-11 16:00:20 +0200},
	Date-Modified = {2016-05-28 10:09:41 +0000},
	Pages = {275-288},
	Title = {Andijskij jazyk},
	Xref = {gamzatov2000}}

@book{alekseev-etal1997,
	Author = {Alekseev, Michail E. AND Ataev, Boris M.},
	Date-Added = {2009-06-11 13:08:55 +0200},
	Date-Modified = {2010-02-15 12:36:25 +0100},
	Keywords = {Language description;Caucasus;Europe},
	Location = {Moskva},
	Publisher = {Academia},
	Title = {{Avarskij jazyk}},
	Year = {1998}}

@incollection{magomedova2000a,
	Abstract = {Магомедова Патимат Тураловна},
	Author = {Magomedova, Patimat T.},
	Crossref = {gamzatov2000},
	Date-Added = {2009-06-11 15:53:36 +0200},
	Date-Modified = {2016-05-28 10:10:15 +0000},
	Pages = {319-331},
	Title = {Bagvalinskij jazyk},
	Xref = {gamzatov2000}}

@incollection{KibrikEtAl2004,
	Author = {Kibrik, Aleksandr E. AND Testelets, Jakov G.},
	Booktitle = {The {N}orth {E}ast {C}aucasian languages 2},
	Call-Number = {Stabi OEL},
	Date-Added = {2009-06-03 16:51:35 +0200},
	Date-Modified = {2016-02-02 19:20:21 +0000},
	Editor = {Michael Job},
	Keywords = {Language description},
	Location = {Ann Arbour},
	Pages = {217-295},
	Publisher = {Caravan Books},
	Series = {The indigenous languages of the {C}aucasus},
	Title = {Bezhta},
	Volume = {3},
	Year = {2004}}

@incollection{azaev2000,
	Author = {Azaev, Ch. G.},
	Crossref = {gamzatov2000},
	Date-Added = {2009-06-11 15:48:35 +0200},
	Date-Modified = {2016-05-28 10:11:16 +0000},
	Pages = {346-359},
	Title = {Botlichskij jazyk},
	Xref = {gamzatov2000}}

@incollection{magomedova2004,
	Author = {Magomedova, Patimat T.},
	Booktitle = {The {N}orth {E}ast {C}aucasian languages 2},
	Call-Number = {Stabi OEL},
	Date-Added = {2009-06-03 16:46:37 +0200},
	Date-Modified = {2010-07-19 11:14:33 +0200},
	Editor = {Michael Job},
	Keywords = {Historical linguistics},
	Location = {Ann Arbour},
	Pages = {3},
	Publisher = {Caravan Books},
	Series = {The indigenous languages of the {C}aucasus},
	Title = {Chamalal},
	Volume = {3},
	Year = {2004}}

@incollection{saidova2004,
	Author = {Saidova, Patimat A.},
	Author-Translation = {Patimat Abduaevna Sajdova},
	Booktitle = {The {N}orth {E}ast {C}aucasian languages 2},
	Call-Number = {Stabi OEL},
	Date-Added = {2009-06-03 16:49:13 +0200},
	Date-Modified = {2010-02-15 11:47:03 +0100},
	Editor = {Michael Job},
	Keywords = {Historical linguistics},
	Location = {Ann Arbour},
	Pages = {69-112},
	Publisher = {Caravan Books},
	Series = {The indigenous languages of the {C}aucasus},
	Title = {Ghodoberi},
	Volume = {3},
	Year = {2004}}

@incollection{isakov-etal2004,
	Abstract = {Халилов, Маджид Шарипович Исаков, Исак Абдулвахидович},
	Author = {Isakov, Isak A. AND Xalilov, Mad{\v z}id {\v S}.},
	Booktitle = {The {N}orth {E}ast {C}aucasian languages 2},
	Call-Number = {Stabi OEL},
	Date-Added = {2009-06-03 16:50:18 +0200},
	Date-Modified = {2010-07-19 10:52:48 +0200},
	Editor = {Michael Job},
	Keywords = {Language description},
	Location = {Ann Arbour},
	Pages = {169-214},
	Publisher = {Caravan Books},
	Series = {The indigenous languages of the {C}aucasus},
	Title = {Hinukh},
	Volume = {3},
	Year = {2004}}

@book{van-den-berg1995,
	Author = {van den Berg, Helma},
	Date-Added = {2009-06-11 10:40:24 +0200},
	Date-Modified = {2010-01-04 17:41:06 +0100},
	Keywords = {Language description;Caucasus;Europe},
	Location = {M{\"u}nchen},
	Number = {1},
	Publisher = {LINCOM Europa},
	Series = {LINCOM Studies in Caucasian Linguistics},
	Title = {A grammar of {H}unzib (with texts and lexicon)},
	Year = {1995}}

@book{magomedbekova1971,
	Author = {Magomedbekova, Zagidat M.},
	Author-Translation = {Zagidat Magomedovna Magomedbekova},
	Date-Added = {2009-06-11 14:39:36 +0200},
	Date-Modified = {2016-04-08 09:57:30 +0000},
	Keywords = {Language description;Caucasus;Europe},
	Location = {Tbilisi},
	Publisher = {Mecniereba},
	Subtitle = {Grammati{\v c}eskij analiz, teksty, slovar'},
	Title = {Karatinskij jazyk},
	Year = {1971}}

@incollection{magomedova2000b,
	Author = {Magomedova, Patimat T.},
	Crossref = {gamzatov2000},
	Date-Added = {2009-06-11 15:44:07 +0200},
	Date-Modified = {2016-05-28 10:09:59 +0000},
	Pages = {422-435},
	Title = {Tindinskij jazyk},
	Xref = {gamzatov2000}}

@incollection{abdullaev2000,
	Abstract = {Гамзатов, Гаджи Гамзатович},
	Author = {Abdullaev, Isa Ch.},
	Crossref = {gamzatov2000},
	Date-Added = {2009-06-11 16:04:47 +0200},
	Date-Modified = {2016-05-28 10:12:21 +0000},
	Pages = {134-151},
	Title = {Lakskij jazyk},
	Xref = {gamzatov2000}}

@book{sauman1941,
	Author = {{\v S}aumjan, R. M.},
	Date-Added = {2009-06-11 13:35:34 +0200},
	Date-Modified = {2016-04-08 10:06:20 +0000},
	Keywords = {Caucasus;Language description;Europe},
	Location = {Moskva},
	Number = {2},
	Publisher = {Nauka},
	Series = {Caucasica},
	Subtitle = {S tekstami i slovarem},
	Title = {Grammati{\v c}eskij o{\v c}erk agul'skogo jazyka},
	Year = {1941}}

@book{deseriev1959,
	Author = {Deseriev, Junus D.},
	Bib = {Diss},
	Date-Added = {2008-07-27 17:54:47 +0200},
	Date-Modified = {2010-01-04 18:12:35 +0100},
	Keywords = {Language description;Caucasus;Northern Eurasia;Europe},
	Location = {Moskva},
	Publisher = {Nauka},
	Title = {{Grammatika chinalugskogo jazyka}},
	Year = {1959}}

@incollection{saadiev1994,
	Author = {Saadiev, {\v S}amseddin M.},
	Booktitle = {The {N}orth {E}ast {C}aucasian languages 2},
	Call-Number = {Stabi OEL},
	Date-Added = {2009-06-05 13:30:04 +0200},
	Date-Modified = {2016-05-28 09:58:34 +0000},
	Editor = {Rieks Smeets},
	Keywords = {Language description;Caucasus;Northern Eurasia;Europe},
	Location = {Delmar},
	Pages = {407-446},
	Publisher = {Caravan Books},
	Series = {The indigenous languages of the {C}aucasus},
	Title = {Kryts},
	Volume = {4},
	Year = {1994}}

@book{schulze1997,
	Author = {Wolfgang Schulze},
	Date-Added = {2009-06-11 11:03:47 +0200},
	Date-Modified = {2016-05-28 09:49:33 +0000},
	Location = {M{\"u}nchen},
	Number = {133},
	Publisher = {LINCOM Europa},
	Series = {Languages of the World/Materials},
	Title = {Tsakhur},
	Year = {1997}}

@book{cook1984,
	Author = {Cook, Eung-Do},
	Date-Added = {2009-06-19 14:03:43 +0200},
	Date-Modified = {2009-06-19 14:04:34 +0200},
	Location = {Vancouver},
	Publisher = {University of British Columbia},
	Title = {A {S}arcee grammar},
	Year = {1984}}

@book{arnott1970,
	Author = {Arnott, David W.},
	Date-Added = {2010-01-04 16:25:17 +0100},
	Date-Modified = {2010-07-18 19:45:18 +0200},
	Keywords = {Language description},
	Location = {Oxford},
	Publisher = {Oxford University Press},
	Title = {The nominal and verbal systems of {F}ula},
	Year = {1970}}

@book{tucker1995,
	Author = {Tucker, Childs G.},
	Date-Added = {2009-06-19 13:57:10 +0200},
	Date-Modified = {2016-03-22 17:01:54 +0000},
	Location = {Berlin},
	Number = {16},
	Publisher = {Mouton de Gruyter},
	Series = {Mouton Grammar Library},
	Subtitle = {A {S}outhern {A}tlantic language},
	Title = {A grammar of {K}isi},
	Year = {1995}}

@book{schaub1985,
	Author = {Schaub, Willi},
	Date-Added = {2009-06-19 14:00:32 +0200},
	Date-Modified = {2009-06-19 14:01:09 +0200},
	Location = {London},
	Publisher = {Croom Helm},
	Title = {Babungo},
	Year = {1985}}

@book{guma1971,
	Author = {Guma, Samson Mbizo},
	Date-Added = {2010-01-04 16:32:20 +0100},
	Date-Modified = {2010-01-04 16:34:09 +0100},
	Keywords = {Language description},
	Location = {Pietermaritzburg},
	Publisher = {Shuter and Shuter},
	Title = {An outline structure of {S}outhern {S}otho},
	Year = {1971}}

@book{gromova-etal1995,
	Abstract = {Громова, Нелли Владимировна},
	Author = {Gromova, Nelli V. AND Ochotina, N. V.},
	Date-Added = {2010-01-04 16:28:32 +0100},
	Date-Modified = {2010-07-19 10:31:22 +0200},
	Keywords = {Language description},
	Location = {Moskva},
	Publisher = {Nasledie},
	Title = {Teoreti{\v c}eskaja grammatika jazyka suachili},
	Year = {1995}}

@book{bamgbose1966,
	Author = {Bamgbose, Ayo},
	Date-Added = {2009-12-18 14:20:58 +0100},
	Date-Modified = {2009-12-18 14:22:17 +0100},
	Keywords = {Language description},
	Location = {Cambridge},
	Publisher = {Cambridge University Press},
	Title = {A grammar of {Y}oruba},
	Year = {1966}}

@book{brauner1974,
	Author = {Brauner, Siegmund},
	Date-Added = {2009-06-19 13:58:44 +0200},
	Date-Modified = {2009-06-19 13:59:33 +0200},
	Location = {Leipzig},
	Publisher = {Enzyklop{\"a}die},
	Title = {{Lehrbuch des Bambara}},
	Year = {1974}}

@book{noonan1992,
	Author = {Noonan, Michael},
	Date-Added = {2009-06-19 13:18:53 +0200},
	Date-Modified = {2009-06-19 13:20:07 +0200},
	Location = {Berlin},
	Number = {7},
	Publisher = {Mouton de Gruyter},
	Series = {Mouton Grammar Library},
	Title = {A grammar of {L}ongo},
	Year = {1992}}

@article{rausch1912,
	Author = {Rausch, Peter J.},
	Date-Added = {2009-06-19 13:20:36 +0200},
	Date-Modified = {2010-07-19 11:26:49 +0200},
	Journaltitle = {Anthropos},
	Pages = {105-134, 585-616, 964-994},
	Title = {{Die Sprache von S{\"u}dost-Bougainville, Deutsche Salomoninseln}},
	Volume = {7},
	Year = {1912}}

@book{foley1991,
	Author = {Foley, William A.},
	Date-Added = {2010-01-04 16:37:45 +0100},
	Date-Modified = {2016-05-28 09:30:39 +0000},
	Location = {Stanford},
	Publisher = {Stanford University Press},
	Title = {The {Y}imas language of {N}ew {G}uinea},
	Year = {1991}}

@book{borg1985,
	Author = {Alexander Borg},
	Date-Added = {2009-06-08 12:32:13 +0200},
	Date-Modified = {2016-03-22 16:54:26 +0000},
	Keywords = {Language description;Semitic},
	Location = {Stuttgart},
	Number = {47:4},
	Publisher = {Steiner\hyp{}Wiesbaden},
	Series = {Abhandlungen f{\"u}r die Kunde des Morgenlandes},
	Subtitle = {A historical and comparative investigation into the phonology and morphology of the {A}rabic vernacular spoken by the {M}aronites of {K}ormakiti village in the {K}yrenia district of {N}orth-{W}estern {C}yprus},
	Title = {Cypriot {A}rabic},
	Year = {1985}}

@book{gary-etal1982,
	Author = {Gary, Judith Olmsted AND Gamal-Eldin, Saad},
	Date-Added = {2009-06-26 19:58:49 +0200},
	Date-Modified = {2009-06-26 20:00:42 +0200},
	Keywords = {Language description;Semitic},
	Location = {Amsterdam},
	Number = {6},
	Publisher = {North-Holland},
	Series = {Lingua Descriptive Studies},
	Title = {Cairene {E}gyptian {C}olloqial {A}rabic},
	Year = {1982}}

@book{leslau1995,
	Author = {Leslau, Wolf},
	Date-Added = {2010-01-04 16:35:38 +0100},
	Date-Modified = {2010-01-04 16:36:34 +0100},
	Keywords = {Semitic;Language description;Africa},
	Location = {Wiesbaden},
	Publisher = {Harrassowitz},
	Title = {Reference grammar of {A}mharic},
	Year = {1995}}

@incollection{wheatley1987,
	Author = {Julian K. Wheatley},
	Bib = {Diss},
	Booktitle = {The world's major languages},
	Date-Added = {2008-09-18 15:26:23 +0200},
	Date-Modified = {2010-02-14 16:11:47 +0100},
	Editor = {Bernard Comrie},
	Keywords = {Language description},
	Location = {London},
	Pages = {834-854},
	Publisher = {Routledge},
	Series = {Routledge Language Family Series},
	Title = {Burmese},
	Year = {1987}}

@book{heath1998,
	Author = {Heath, Jeffrey},
	Date-Added = {2009-06-22 11:40:28 +0200},
	Date-Modified = {2010-01-04 17:02:24 +0100},
	Keywords = {Language description},
	Lid = {Songhai},
	Location = {Berlin},
	Number = {19},
	Publisher = {Mouton de Gruyter},
	Series = {Mouton Grammar Library},
	Title = {A grammar of {K}oyra {C}hiini},
	Year = {1998}}

@book{saul-etal1980,
	Author = {Saul, Janice E. AND Freiberger Wilson, Nancy},
	Date-Added = {2009-06-19 13:36:56 +0200},
	Date-Modified = {2009-06-19 13:38:40 +0200},
	Location = {Dallas},
	Number = {62},
	Publisher = {SIL},
	Series = {Summer Institute of Linguistics Publications in Linguistics},
	Title = {Nung grammar},
	Year = {1980}}

@incollection{hudak1987,
	Author = {Thomas John Hudak},
	Bib = {Diss},
	Booktitle = {The world's major languages},
	Date-Added = {2008-09-18 15:15:47 +0200},
	Date-Modified = {2010-02-14 16:12:10 +0100},
	Editor = {Bernard Comrie},
	Keywords = {Language description},
	Location = {London},
	Pages = {757-757},
	Publisher = {Routledge},
	Series = {Routledge Language Family Series},
	Title = {Thai},
	Year = {1987}}

@book{evans1995,
	Author = {Evans, Nicholas D.},
	Date-Added = {2009-06-19 13:39:12 +0200},
	Date-Modified = {2016-03-22 17:01:35 +0000},
	Location = {Berlin},
	Number = {15},
	Publisher = {Mouton de Gruyter},
	Series = {Mouton Grammar Library},
	Subtitle = {With historical-comparative notes on {T}angkic},
	Title = {A grammar of {K}ayardild},
	Year = {1995}}

@book{osborne1974,
	Author = {Osborne, Charles R.},
	Date-Added = {2009-06-22 11:42:48 +0200},
	Date-Modified = {2010-07-19 11:19:47 +0200},
	Keywords = {Language description},
	Location = {Canberra},
	Number = {55},
	Publisher = {Australian Institute for Aboriginal Studies},
	Series = {Australian Aboriginal Studies},
	Title = {The {T}iwi language},
	Year = {1974}}

@incollection{avrorin1968,
	Author = {Avrorin, Valentin A.},
	Crossref = {vinogradovEtAl1968a},
	Date-Added = {2009-06-03 13:33:04 +0200},
	Date-Modified = {2016-05-26 16:27:27 +0000},
	Pages = {129-148},
	Title = {Nanajskij jazyk},
	Xref = {vinogradovEtAl1968a}}

@book{avrorin2000,
	Author = {Avrorin, Valentin A.},
	Author-Transl = {Valentin Aleksandrovi{\v c} Avrorin},
	Call-Number = {MR},
	Date-Added = {2009-12-06 15:07:36 +0100},
	Date-Modified = {2011-01-31 15:57:31 +0100},
	Keywords = {Language description;Tungusic;Northern Eurasia},
	Location = {Sankthyp{}Peterburg},
	Publisher = {Nauka},
	Title = {{Grammatika man'{\v c}{\v z}urskogo pis'mennogo jazyka}},
	Year = {2000}}

@book{nedjalkov1997,
	Author = {Nedjalkov, Igor},
	Date-Added = {2009-06-11 16:59:29 +0200},
	Date-Modified = {2010-01-05 12:18:06 +0100},
	Keywords = {Language description;Tungusic;Northern Eurasia},
	Location = {London},
	Publisher = {Routledge},
	Series = {Descriptive grammars},
	Title = {Evenki},
	Year = {1997}}

@incollection{nedalkov2001,
	Author = {Nedjalkov, Igor V.},
	Crossref = {vonogradovEtAl2001a},
	Date-Added = {2009-06-15 10:17:38 +0200},
	Date-Modified = {2016-05-28 10:14:26 +0000},
	Pages = {338-342},
	Title = {Negidal'skij jazyk},
	Xref = {vonogradovEtAl2001a}}

@incollection{cincius1997,
	Author = {Cincius, Vera I.},
	Crossref = {alpatovEtAl1997a},
	Date-Added = {2009-12-23 17:04:22 +0100},
	Date-Modified = {2016-05-26 16:29:24 +0000},
	Pages = {226-236},
	Title = {Solonskij jazyk},
	Xref = {alpatovEtAl1997a}}

@incollection{baskakov1997b,
	Author = {Ba{\v s}kakov, Nikolaj A.},
	Crossref = {tenisev1997a},
	Date-Added = {2009-12-23 17:13:37 +0100},
	Date-Modified = {2016-05-28 10:35:37 +0000},
	Pages = {197-187},
	Title = {Altajskij jazyk},
	Xref = {tenisev1997a}}

@book{kara2003,
	Author = {D{\'a}vid Somfai Kara},
	Date-Added = {2009-12-23 16:05:54 +0100},
	Date-Modified = {2009-12-23 16:06:39 +0100},
	Number = {423},
	Publisher = {LINCOM Europa},
	Series = {Languages of the World/Materials},
	Title = {Kyrgyz},
	Year = {2003}}

@book{nadzip1971,
	Abstract = {Наджип, Эмир Наджипович},
	Author = {Nad{\v z}ip, {\.E}mir N.},
	Date-Added = {2010-01-04 16:40:25 +0100},
	Date-Modified = {2010-07-19 11:16:35 +0200},
	Keywords = {Turkic;Northern Eurasia;Language description},
	Location = {Moskva},
	Publisher = {Nauka},
	Title = {{Sovremennyj ujgurskij jazyk}},
	Year = {1991}}

@book{seegmiller1996,
	Author = {Seegmiller, Steve},
	Date-Added = {2009-06-11 16:17:27 +0200},
	Date-Modified = {2009-06-11 16:18:32 +0200},
	Keywords = {Language description;Turkic;Northern Eurasia},
	Location = {M{\"u}nchen},
	Number = {109},
	Publisher = {Lincom Europa},
	Series = {Languages of the World/Materials},
	Title = {Karachay},
	Year = {1996}}

@book{kocaoglu2006,
	Author = {Timur Kacao{\u g}lu},
	Date-Added = {2009-06-16 22:01:57 +0200},
	Date-Modified = {2009-06-16 22:03:47 +0200},
	Keywords = {Language description;Turkic;Europe},
	Location = {M{\"u}nchen},
	Number = {458},
	Publisher = {LINCOM Europa},
	Series = {Languages of the World/Materials},
	Title = {{Karay: the Trakai dialect}},
	Year = {2002}}

@incollection{baskakov2001,
	Author = {Ba{\v s}kakov, Nikolaj A.},
	Crossref = {vonogradovEtAl2001a},
	Date-Added = {2008-07-30 16:21:45 +0200},
	Date-Modified = {2016-05-28 10:07:22 +0000},
	Pages = {49-56},
	Title = {Karakalpakskij jazyk},
	Xref = {vonogradovEtAl2001a}}

@book{kara2002,
	Author = {D{\'a}vid Somfai Kara},
	Date-Added = {2009-06-16 21:43:30 +0200},
	Date-Modified = {2009-06-16 21:44:32 +0200},
	Keywords = {Language description;Turkic;Northern Eurasia},
	Location = {M{\"u}nchen},
	Number = {417},
	Publisher = {LINCOM Europa},
	Series = {Languages of the World/Materials},
	Title = {Kazak},
	Year = {2002}}

@incollection{kadyradziev2000,
	Abstract = {Калсын Салахович Кадыраджиев},
	Author = {Kadyrad{\v z}iev, Kalsyn S.},
	Crossref = {gamzatov2000},
	Date-Added = {2009-06-11 16:13:41 +0200},
	Date-Modified = {2016-05-28 10:10:45 +0000},
	Pages = {115-133},
	Title = {Kumykskij jazyk},
	Xref = {gamzatov2000}}

@book{baskakov1940,
	Author = {Ba{\v s}kakov, Nikolaj A.},
	Date-Added = {2010-07-19 12:20:27 +0200},
	Date-Modified = {2016-05-28 10:31:41 +0000},
	Location = {Moskva},
	Publisher = {Nauka},
	Subtitle = {Grammatika, teksty i slovar'},
	Title = {Nogajskij jazyk i ego dialekty},
	Year = {1940}}

@book{poppe1963,
	Author = {Poppe, Nicholas},
	Date-Added = {2009-06-11 16:35:49 +0200},
	Date-Modified = {2016-03-22 16:42:48 +0000},
	Keywords = {Language description;Turkic},
	Location = {Bloomington},
	Number = {25},
	Publisher = {Indiana University},
	Series = {Uralic and Altaic Series},
	Subtitle = {Descriptive grammar and texts with a {T}atar-{E}nglish glossary},
	Title = {Tatar manual},
	Year = {1963}}

@book{ubratova1985,
	Author = {Ubrjatova, Elizaveta I.},
	Date-Added = {2009-06-12 10:14:15 +0200},
	Date-Modified = {2011-01-31 16:23:23 +0100},
	Keywords = {Language description;Turkic;Northern Eurasia;Siberia},
	Location = {Novosibirsk},
	Publisher = {Nauka},
	Title = {{Jazyk noril'skich dolgan}},
	Year = {1985}}

@book{krueger1962,
	Author = {Krueger, John Richard},
	Date-Added = {2009-06-11 16:29:17 +0200},
	Date-Modified = {2016-04-08 10:08:23 +0000},
	Keywords = {Language description;Turkic},
	Location = {Bloomington},
	Number = {21},
	Publisher = {Indiana University},
	Series = {Uralic and Altaic Series},
	Subtitle = {Area handbook, grammar, graded reader and glossery},
	Title = {Yakut manual},
	Year = {1964}}

@book{budagova1982,
	Author = {Budagova, Zarifa},
	Date-Added = {2009-06-12 10:46:09 +0200},
	Date-Modified = {2009-06-12 10:47:40 +0200},
	Keywords = {Language description;Northern Eurasia;Turkic},
	Lid = {Azerbaijani},
	Location = {Baku},
	Publisher = {{\.E}lm},
	Title = {{Azerbajd{\v z}anskij jazyk (kratkij o{\v c}erk)}},
	Year = {1982}}

@incollection{pokrovskaja1997,
	Author = {Pokrovskaja, Ljudmila A.},
	Crossref = {tenisev1997a},
	Date-Added = {2009-12-23 17:19:26 +0100},
	Date-Modified = {2016-05-28 10:34:47 +0000},
	Pages = {224-235},
	Title = {Gagauzskij jazyk},
	Xref = {tenisev1997a}}

@book{kornfilt1997,
	Author = {Jaklin Kornfilt},
	Date-Added = {2010-01-04 16:46:13 +0100},
	Date-Modified = {2010-01-04 16:47:19 +0100},
	Keywords = {Language description;Turkic;Europe},
	Location = {London},
	Publisher = {Routledge},
	Series = {Descriptive grammars},
	Title = {Turkish},
	Year = {1997}}

@book{clark1998b,
	Author = {Clark, Larry},
	Date-Added = {2009-06-12 10:51:15 +0200},
	Date-Modified = {2010-01-04 18:08:45 +0100},
	Keywords = {Language description;Turkic;Northern Eurasia},
	Lid = {Turkmen},
	Location = {Wiesbaden},
	Number = {34},
	Publisher = {Harrassowitz},
	Series = {Turcologica},
	Title = {Turkmen reference grammar},
	Year = {1998}}

@book{anderson-etal1999,
	Author = {Anderson, Gregory David AND Harrison, K. David},
	Date-Added = {2009-06-11 16:45:26 +0200},
	Date-Modified = {2009-06-11 16:46:44 +0200},
	Keywords = {Language description;Turkic;Northern Eurasia},
	Location = {M{\"u}nchen},
	Number = {257},
	Publisher = {LINCOM Europa},
	Series = {Languages of the World/Materials},
	Title = {Tyvan},
	Year = {1999}}

@book{anderson1998,
	Author = {Anderson, Gregory David},
	Date-Added = {2009-06-16 21:45:27 +0200},
	Date-Modified = {2009-06-16 21:46:55 +0200},
	Keywords = {Language description;Turkic;Northern Eurasia},
	Location = {M{\"u}nchen},
	Number = {251},
	Publisher = {LINCOM Europa},
	Series = {Languages of the World/Materials},
	Title = {Xakas},
	Year = {2002}}

@incollection{donidze1997,
	Abstract = {Донидзе Гайоз Ильич},
	Author = {Donidze, Gajoz I.},
	Crossref = {tenisev1997a},
	Date-Added = {2009-12-23 17:22:22 +0100},
	Date-Modified = {2016-05-28 10:35:13 +0000},
	Pages = {497-506},
	Title = {{\v S}orskij jazyk},
	Xref = {tenisev1997a}}

@book{campbell-l1985,
	Author = {Campbell, Lyle},
	Date-Added = {2009-06-19 13:52:03 +0200},
	Date-Modified = {2010-01-04 16:49:53 +0100},
	Keywords = {Language description},
	Location = {Berlin},
	Number = {1},
	Publisher = {Mouton de Gruyter},
	Series = {Mouton Grammar Library},
	Title = {The {P}ipil language of {E}l {S}alvador},
	Year = {1985}}

@incollection{viitso1998,
	Author = {Viitso, Tiit-Rein},
	Crossref = {abondolo1998a},
	Date-Added = {2009-12-23 16:31:18 +0100},
	Date-Modified = {2016-04-08 09:49:49 +0000},
	Pages = {115-148},
	Title = {Estonian},
	Xref = {abondolo1998a}}

@book{buchholz2004,
	Author = {Buchholz, Eva},
	Call-Number = {MR},
	Date-Added = {2009-12-23 17:57:01 +0100},
	Date-Modified = {2010-01-04 17:14:24 +0100},
	Keywords = {Uralic},
	Location = {Hamburg},
	Publisher = {Hempen},
	Title = {{Grammatik der finnischen Sprache}},
	Year = {2004}}

@incollection{laanest1997,
	Author = {Laanest, Arvo},
	Crossref = {jarceva1997},
	Date-Added = {2009-06-12 14:47:54 +0200},
	Date-Modified = {2016-05-28 10:03:19 +0000},
	Pages = {376-382},
	Title = {I{\v z}orskij jazyk},
	Xref = {jarceva1997}}

@book{zajkov1999,
	Author = {Zajkov, Petr M.},
	Author-Translation = {Petr Mefodievi{\v c} Zajkov},
	Call-Number = {MR (copy)},
	Date-Added = {2009-12-22 13:01:17 +0100},
	Date-Modified = {2009-12-22 13:02:01 +0100},
	Keywords = {Language description;Uralic},
	Lid = {Karelian},
	Location = {Petrozavodsk},
	Publisher = {Periodika},
	Title = {{Grammatika karel'skogo jazyka (fonetika i morfologija)}},
	Year = {1999}}

@book{moseley2002,
	Author = {Christopher Moseley},
	Date-Added = {2009-12-23 16:07:39 +0100},
	Date-Modified = {2016-05-28 08:22:32 +0000},
	Location = {M{\"u}nchen},
	Number = {144},
	Publisher = {LINCOM Europa},
	Series = {Languages of the World/Materials},
	Title = {Livonian},
	Year = {2002}}

@book{sajceva1981,
	Author = {Zajceva, Marija I.},
	Date-Added = {2009-12-23 16:35:00 +0100},
	Date-Modified = {2016-03-22 16:52:11 +0000},
	Location = {Leningrad},
	Publisher = {Nauka},
	Subtitle = {Fonetika i morfologija},
	Title = {Grammatika vepsskogo jazyka},
	Year = {1981}}

@incollection{nikolaeva1997,
	Author = {Nikolaeva, Irina A.},
	Crossref = {jarceva1997},
	Date-Added = {2009-06-12 14:52:59 +0200},
	Date-Modified = {2016-05-28 10:02:54 +0000},
	Pages = {267-272},
	Title = {Vodskij jazyk},
	Xref = {jarceva1997}}

@book{kenesei-etal1998,
	Author = {Kenesei, Istv{\'a}n AND Robert M. Vago AND Anna Fenyvesi},
	Date-Added = {2009-12-23 16:49:53 +0100},
	Date-Modified = {2010-01-04 17:04:41 +0100},
	Keywords = {Uralic;Language description},
	Location = {London},
	Publisher = {Routledge},
	Series = {Descriptive Grammar Series},
	Title = {Hungarian},
	Year = {1998}}

@book{nikolaeva1999,
	Author = {Nikolaeva, Irina},
	Author-Translation = {Irina Alekseevna Nikolaeva},
	Date-Added = {2009-06-19 13:54:57 +0200},
	Date-Modified = {2010-02-15 10:17:34 +0100},
	Keywords = {Uralic;Language description},
	Location = {M{\"u}nchen},
	Number = {305},
	Publisher = {LINCOM Europa},
	Series = {Languages of the World/Materials},
	Title = {Ostyak},
	Year = {1999}}

@book{riese2001,
	Abstract = {The Vogul language (endogenous name: Mansi) is spoken by approximately 3.000 speakers in northwestern Siberia. Together with Ostyak, it forms the Ob-Ugrian branch of the Finno-Ugrian language family and is generally considered to be closest relative of Hungarian. In the introductory section general information on the Vogul people and their sociolinguistic situation is given. The dialect described in the following sections on Vogul phonology, morphology, and syntax is the Northern one, spoken by the greatest majority of modern Voguls and forming the basis for the literary language. Vogul is in the most respects a typical agglutinative language and its grammar is relatively straightforward, i.e. unencumbered with major rules of inflection. In this study particular care is taken to place (Northern) Vogul in a general Finno-Ugrian and a complete Vogul context. This means that although the major emphasis lies on the synchronic description of (Northern) Vogul, the discussion is supplemented by observations of a historical nature to show to which extent (Northern) Vogul has adhered to general Finno-Ugrian patterns and to which extent it has diverged both from the related languages and other Vogul dialects. This study closes with a (Northern) Vogul folklore text with an interlinear transcription and translation. (2nd printing)},
	Author = {Riese, Timothy},
	Date-Added = {2008-07-27 12:18:52 +0200},
	Date-Modified = {2009-06-11 09:58:01 +0200},
	Keywords = {Language description;Uralic},
	Location = {M{\"u}nchen},
	Number = {158},
	Publisher = {LINCOM Europa},
	Series = {Languages of the World/Materials},
	Title = {Vogul ({M}ansi)},
	Year = {2003}}

@book{zavodova1964,
	Author = {Zavodova, Raisa A. and Koljadenkov, Michail N.},
	Date-Added = {2008-07-27 12:18:52 +0200},
	Date-Modified = {2016-05-25 15:05:42 +0000},
	Keywords = {Language description;Uralic;Mordvin},
	Location = {Moskva},
	Publisher = {Nauka},
	Title = {Grammatika mordovskich (mok{\v s}anskogo i {\.e}rzjanskogo) jazykov},
	Year = {1964}}

@incollection{lytkin1966b,
	Author = {Lytkin, Vasilij I.},
	Booktitle = {{Finno-ugorskie i samodijskie jazyki}},
	Call-Number = {MR},
	Date-Added = {2009-12-23 17:27:56 +0100},
	Date-Modified = {2014-11-26 12:57:44 +0000},
	Editor = {Lytkin, Vasilij I. AND Majtinskaja, Klara E.},
	Keywords = {Language description;Komi;Uralic},
	Location = {Moskva},
	Pages = {301-315},
	Publisher = {Nauka},
	Series = {Jazyki narodov SSSR},
	Title = {{Komi-Permjak}},
	Volume = {3},
	Year = {1966}}

@book{kokkonen1984,
	Author = {Kokkonen, Paula},
	Date-Added = {2009-09-11 12:17:38 +0200},
	Date-Modified = {2016-05-27 16:10:36 +0000},
	Location = {Helsinki},
	Number = {9},
	Publisher = {Suomalais-Ugrilainen Seura},
	Series = {Hilfsmittel f{\"u}r das Studium der finnisch-ugrischen Sprachen},
	Title = {Komisyrj{\"a}{\"a}nin kielioppia ja tekstej{\"a}},
	Year = {1984}}

@book{olthuis2000,
	Author = {Olthuis, Marja-Liisa},
	Date-Added = {2009-12-23 16:22:24 +0100},
	Date-Modified = {2009-12-23 16:23:32 +0100},
	Keywords = {Saami linguistics;Language description},
	Location = {Inari},
	Publisher = {S{\"a}mitigge},
	Title = {Kiel{\^a}opp{\^a}},
	Year = {2000}}

@book{spiik1989,
	Author = {Spiik, Nils Eric},
	Date-Added = {2008-07-27 12:18:52 +0200},
	Date-Modified = {2016-05-28 08:17:26 +0000},
	Edition = {Second, revised edition},
	Location = {Jokkmokk},
	Publisher = {Sameskolstyrelsen},
	Title = {Lulesamisk grammatik},
	Year = {1989}}

@book{bergsland1994,
	Author = {Bergsland, Knut},
	Date-Modified = {2009-05-17 11:53:43 +0200},
	Location = {K{\'a}r{\'a}{\v s}johka},
	Publisher = {Davvi Girji},
	Title = {Sydsamisk grammatikk},
	Year = {1994}}

@book{kunnap1999,
	Author = {K{\"u}nnap, Ago},
	Date-Added = {2009-06-08 09:10:24 +0200},
	Date-Modified = {2009-06-08 09:12:03 +0200},
	Keywords = {Language description;Uralic;Northern Eurasia},
	Location = {M{\"u}nchen},
	Number = {186},
	Publisher = {LINCOM Europa},
	Series = {Languages of the World/Materials},
	Title = {Enets},
	Year = {1999}}

@book{decsy1966,
	Author = {D{\'e}csy, Gyula},
	Call-Number = {MR},
	Date-Added = {2010-01-04 16:51:36 +0100},
	Date-Modified = {2010-01-04 16:52:58 +0100},
	Keywords = {Uralic},
	Location = {Bloomington},
	Publisher = {Indiana University Press},
	Title = {Yurak chrestomathy},
	Year = {1966}}

@incollection{helimski1998a,
	Author = {Helimski, Eugene},
	Crossref = {abondolo1998a},
	Date-Added = {2010-01-04 16:55:54 +0100},
	Date-Modified = {2016-04-08 09:50:23 +0000},
	Pages = {480-515},
	Title = {Nganasan},
	Xref = {abondolo1998a}}

@incollection{helimski1998b,
	Author = {Helimski, Eugene},
	Crossref = {abondolo1998a},
	Date-Added = {2010-01-04 16:54:28 +0100},
	Date-Modified = {2016-04-08 09:50:06 +0000},
	Pages = {548-579},
	Title = {Selkup},
	Xref = {abondolo1998a}}

@collection{kibort-etal2010,
	Booktitle = {Features},
	Date-Added = {2010-06-25 10:36:12 +0200},
	Date-Modified = {2014-12-01 14:47:27 +0000},
	Editor = {Kibort, Anna AND Corbett, Greville G.},
	Keywords = {Typology;Syntax;Morphology},
	Location = {Oxford},
	Publisher = {Oxford University Press},
	Subtitle = {Perspectives on a Key Notion in Linguistics},
	Title = {Features},
	Year = {2010}}

@collection{booijETAL2000a,
	Date-Added = {2016-03-22 16:33:10 +0000},
	Date-Modified = {2016-03-22 16:33:26 +0000},
	Editor = {Booij, Geert AND Christian Lehmann AND Joachim Mugdan AND Stavros Skopeteas},
	Location = {Berlin},
	Number = {17},
	Publisher = {Mouton de Gruyter},
	Series = {Handb{\"u}cher zur Sprach- und Kommunikationswissenschaft},
	Subtitle = {An international handbook on inflection and word-formation},
	Title = {Morphology},
	Year = {1999}}

@collection{alpatovEtAl1997a,
	Abstract = {ЯХОНТОВА, НАТАЛИЯ СЕРГЕЕВНА},
	Date-Added = {2016-03-22 16:35:02 +0000},
	Date-Modified = {2016-03-22 16:37:48 +0000},
	Editor = {Vladimir M. Alpatov AND Igor' V. Kormu{\v s}in AND Grigorij C. Pjurbeev AND Ol'ga I. Romanova},
	Location = {Moskva},
	Publisher = {Indrik},
	Series = {Jazyki mira},
	Title = {Mongol'skie jazyki. Tunguso-man'{\v c}{\v z}urskie jazyki. Japonskij jazyk. Korejskij jazyk},
	Year = {1997}}

@collection{ramatEtAl1998a,
	Date-Added = {2016-03-22 17:07:52 +0000},
	Date-Modified = {2016-03-22 17:08:37 +0000},
	Editor = {Ramat, Anna Giacalone AND Ramat, Paolo},
	Location = {London},
	Publisher = {Routledge},
	Series = {Routledge language family descriptions},
	Title = {The {I}ndo-{E}uropean languages},
	Year = {1998}}

@collection{vangsnesEtAl2003a,
	Date-Added = {2016-04-08 09:41:35 +0000},
	Date-Modified = {2016-04-08 09:43:28 +0000},
	Editor = {Vangsnes, {\O}ystein A. AND Holmberg, Anders AND Delsing, Lars-Olof},
	Location = {Troms{{\o}}},
	Number = {22},
	Publisher = {Novus},
	Series = {Troms{{\o}}-studier i spr{\aa}kvitenskap},
	Title = {Dialektsyntaktiska studier av den nordiska nominalfrasen},
	Year = {2003}}

@collection{abondolo1998a,
	Date-Added = {2016-04-08 09:48:54 +0000},
	Date-Modified = {2016-04-08 09:49:23 +0000},
	Editor = {Abondolo, Daniel},
	Location = {London},
	Publisher = {Routledge},
	Series = {Routledge Language Family Descriptions},
	Title = {The {U}ralic languages},
	Year = {1998}}

@collection{janhunen2003a,
	Date-Added = {2016-05-26 16:08:07 +0000},
	Date-Modified = {2016-05-26 16:08:46 +0000},
	Editor = {Janhunen, Juha},
	Location = {London},
	Number = {5},
	Publisher = {Routledge},
	Series = {Routledge Language Family Series},
	Title = {The {M}ongolic languages},
	Year = {2003}}

@collection{macauley1992b,
	Date-Added = {2016-05-26 16:12:19 +0000},
	Date-Modified = {2016-05-27 15:40:54 +0000},
	Editor = {Donald MacAulay},
	Location = {Cambridge},
	Publisher = {Cambridge University Press},
	Series = {Cambridge Language Surveys},
	Title = {The {C}eltic languages},
	Year = {1992}}

@collection{vinogradovEtAl1968a,
	Date-Added = {2016-05-26 16:24:01 +0000},
	Date-Modified = {2016-05-26 16:26:11 +0000},
	Editor = {Vinogradov, Viktor V. AND Skorik, Petr Ja.},
	Location = {Moskva},
	Number = {5},
	Publisher = {Nauka},
	Series = {Jazyki narodov SSSR},
	Title = {Mongol'skie, tunguso-man'{\v c}{\v z}urskie i paleoaziatskie jazyki},
	Year = {1968}}

@collection{jarceva1997,
	Date-Added = {2016-05-28 10:00:45 +0000},
	Date-Modified = {2016-05-28 10:02:08 +0000},
	Editor = {Jarceva, Viktorija N.},
	Location = {Moskva},
	Publisher = {Nauka},
	Subtitle = {{\.E}nciklopedija v trech tomach},
	Title = {Jazyki {R}ossijskoj {F}ederacii i sosednich gosudarstv},
	Volume = {1},
	Year = {1997}}

@collection{vonogradovEtAl2001a,
	Date-Added = {2016-05-28 10:05:02 +0000},
	Date-Modified = {2016-05-28 10:05:55 +0000},
	Editor = {Vinogradov, Viktor A. AND Jarceva, Viktorija N.},
	Location = {Moskva},
	Publisher = {Nauka},
	Subtitle = {{\.E}nciklopedija v trech tomach},
	Title = {Jazyki Rossijskoj Federacii i sosednich gosudarstv},
	Volume = {2},
	Year = {2001}}

@collection{gamzatov2000,
	Date-Added = {2016-05-28 10:08:42 +0000},
	Date-Modified = {2016-05-28 10:09:16 +0000},
	Editor = {Gamzatov, Gad{\v z}i G.},
	Location = {Macha{\v c}kala},
	Number = {1},
	Publisher = {IJALII},
	Series = {Jazyki narodov Rossii},
	Title = {Jazyki {D}agestana},
	Year = {2000}}

@collection{tenisev1997a,
	Date-Added = {2016-05-28 10:32:44 +0000},
	Date-Modified = {2016-05-28 10:33:54 +0000},
	Editor = {Teni{\v s}ev, {\.E}dgem R.},
	Location = {Moskva},
	Publisher = {Indrik},
	Series = {Jazyki mira},
	Title = {Tjurkskie jazyki},
	Year = {1997}}
