%% This BibTeX bibliography file was created using BibDesk.
%% http://bibdesk.sourceforge.net/


%% Created for Micha at 2016-09-22 09:53:15 +0200 


%% Saved with string encoding Unicode (UTF-8) 



@thesis{zwarts2003,
	address = {Utrecht},
	author = {Zwarts, Joost},
	date-added = {2007-10-05 11:11:56 +0200},
	date-modified = {2016-09-12 12:55:50 +0000},
	institution = {Universiteit Utrecht},
	subtitle = {A {S}outhern {N}ilotic language of {K}enya},
	title = {The phonology of {{E}}ndo},
	type = {phdthesis},
	year = {2003}
}

@thesis{zlatic1997,
	address = {Austin},
	author = {Larisa Zlati{\'c}},
	date-added = {2007-07-18 21:44:24 +0200},
	date-modified = {2016-09-12 12:56:03 +0000},
	institution = {The University of Texas at Austin},
	title = {The Structure of the {S}erbian {Noun} Phrase},
	type = {phdthesis},
	year = {1997}
}

@thesis{mendoza2004,
	address = {München},
	author = {Imke Mendoza},
	date-added = {2008-01-04 15:08:26 +0100},
	date-modified = {2016-09-12 13:43:47 +0000},
	institution = {Ludwig-Maximilians-Universität München},
	subtitle = {Die primären {A}usdrucksmittel},
	title = {Nominaldetermination im {P}olnischen},
	type = {Habilitationsschrift im Fach Slavische Philologie},
	year = {2004}
}

@thesis{dunn1999,
	address = {Canberra},
	author = {Dunn, Michael},
	date-added = {2010-06-26 10:42:31 +0200},
	date-modified = {2016-09-12 12:56:59 +0000},
	institution = {Australian National University},
	title = {A grammar of {C}hukchi},
	type = {phdthesis},
	year = {1999}
}

@thesis{derbyshire1979,
	address = {London},
	author = {Derbyshire, Desmond C.},
	date-added = {2009-10-22 14:22:06 +0200},
	date-modified = {2016-09-12 12:56:38 +0000},
	institution = {University of London},
	title = {Hixkaryana syntax},
	type = {phdthesis},
	year = {1979}
}

@phdthesis{szakos1994,
	address = {Bonn},
	author = {Szakos, József},
	date-added = {2009-06-19 14:14:13 +0200},
	date-modified = {2016-09-12 13:51:10 +0000},
	school = {Rheinische Friedrich-Wilhelms-Universität Bonn},
	subtitle = {Untersuchungen zur {S}ynchronie einer austronesischen {S}prache auf {T}aiwan},
	title = {Die Sprache der {C}ou},
	year = {1994}
}

@phdthesis{rubin1994,
	abstract = {!! Noun modification in Mandarin Chinese, Romanian, Tagalog},
	address = {Ithaca},
	author = {Rubin, Edward J.},
	date-added = {2008-01-07 16:44:29 +0100},
	date-modified = {2016-03-22 17:01:11 +0000},
	school = {Cornell University},
	subtitle = {A syntactic analysis and its consequences},
	title = {Modification},
	year = {1994}
}

@phdthesis{riesler2011a,
	abstract = {http://omnibus.uni-freiburg.de/\textascitilde mr5496/downl/RIESSLER2011.pdf},
	address = {Leipzig},
	author = {Michael Rießler},
	bdsk-url-1 = {http://omnibus.uni-freiburg.de/~mr5496/downl/RIESSLER2011.pdf},
	bdsk-url-2 = {http://omnibus.uni-freiburg.de/%5Ctextascitilde%20mr5496/downl/RIESSLER2011.pdf},
	bdsk-url-3 = {http://d-nb.info/1013503309},
	bdsk-url-4 = {http://d-nb.info/1013503309/},
	date-added = {2016-06-01 11:27:52 +0000},
	date-modified = {2016-06-01 11:28:39 +0000},
	institution = {Universität Leipzig},
	note = {[{CD-ROM}]},
	title = {Typology and evolution of adjective attribution marking in the languages of northern {{E}}urasia},
	url = {http://d-nb.info/1013503309/},
	year = {2011}
}

@online{bibiko2005,
	author = {Bibiko, Hans-Jörg},
	bib = {Diss},
	date-added = {2009-04-19 12:03:12 +0200},
	date-modified = {2009-06-09 12:44:20 +0200},
	lastchecked = {2015-04-19},
	title = {The interactive reference tool for the {World Atlas of Language Structures}},
	url = {http://www.eva.mpg.de/lingua/research/tool.php},
	year = {2005}
}

@misc{vajda2005,
	abstract = {adjective agreement attribution attributive nominalization Noun phrase},
	author = {Edward J. Vajda},
	bib = {Diss},
	call-number = {MR (copy)},
	date-added = {2008-09-19 11:32:52 +0200},
	date-modified = {2008-09-19 11:35:17 +0200},
	howpublished = {Talk given at the Max Planck Institute for Evolutionary Anthropology, Leipzig},
	keywords = {Language description},
	lid = {Ket},
	month = {March},
	title = {Ket language structure in typological perspective},
	year = {2005}
}

@inproceedings{salminen2007,
	address = {London},
	author = {Tapani Salminen},
	booktitle = {Encyclopedia of the world's endangered languages},
	date-added = {2007-10-15 11:56:04 +0200},
	date-modified = {2009-04-09 14:40:46 +0200},
	editor = {Christopher Moseley},
	keywords = {Typology;Sociolinguistics;Historical linguistics},
	pages = {211--280},
	publisher = {Routledge},
	title = {{Europe} and {N}orth {A}sia},
	year = {2007}
}

@incollection{zukova1997,
	address = {Moskva},
	author = {Žukova, Alevtina N.},
	booktitle = {Paleoaziatskie jazyki},
	date-added = {2008-09-21 15:06:47 +0200},
	date-modified = {2016-05-25 14:54:54 +0000},
	editor = {Jarceva, Viktorija N.},
	keywords = {Language description;Northern Eurasia},
	pages = {39--53},
	publisher = {Indrik},
	series = {Jazyki mira},
	sortname = {Zukova, Alevtina N.},
	title = {Korjakskij jazyk},
	year = {1997}
}

@incollection{yuo2003,
	address = {London},
	author = {Anne O. Yue},
	booktitle = {The {{S}ino-{T}}ibetan languages},
	date-added = {2008-09-16 13:56:59 +0200},
	date-modified = {2016-05-25 15:07:20 +0000},
	editor = {Graham Thurgood and Randy J. LaPolla},
	pages = {84--125},
	publisher = {Routledge},
	series = {Routledge Language Family Series},
	sortname = {Anne O. Yue},
	subtitle = {Grammar},
	title = {{Chinese} dialects},
	year = {2003}
}

@incollection{whorf1946,
	abstract = {p. 162 on preaspiration},
	address = {New York},
	author = {Whorf, Benjamin L.},
	bib = {Diss},
	booktitle = {Linguistic structures of {N}ative {A}merica},
	date-added = {2008-01-07 16:40:33 +0100},
	date-modified = {2016-05-26 16:07:02 +0000},
	editor = {Cornelius Osgood and Harry Hoijer},
	number = {6},
	pages = {158--183},
	publisher = {Viking Fund},
	series = {Viking Fund Publications in Anthropology},
	sortname = {Whorf, Benjamin L.},
	title = {The {H}opi language, {T}oreva dialect},
	year = {1946}
}

@incollection{wheatley1987,
	address = {London},
	author = {Julian K. Wheatley},
	bib = {Diss},
	booktitle = {The world's major languages},
	date-added = {2008-09-18 15:26:23 +0200},
	date-modified = {2010-02-14 16:11:47 +0100},
	editor = {Bernard Comrie},
	keywords = {Language description},
	pages = {834--854},
	publisher = {Routledge},
	series = {Routledge Language Family Series},
	sortname = {Julian K. Wheatley},
	title = {Burmese},
	year = {1987}
}

@incollection{werner1997a,
	address = {Moskva},
	author = {Heinrich Werner},
	booktitle = {Paleoaziatskie jazyki},
	date-added = {2008-09-21 20:33:52 +0200},
	date-modified = {2016-05-28 10:36:17 +0000},
	editor = {Jarceva, Viktorija N.},
	pages = {169--177},
	publisher = {Indrik},
	series = {Jazyki mira},
	title = {Jenisejskie jazyki},
	year = {1997}
}

@incollection{weiers2003,
	author = {Michael Weiers},
	crossref = {janhunen2003a},
	date-added = {2008-09-16 13:07:54 +0200},
	date-modified = {2016-05-26 16:11:35 +0000},
	pages = {248--264},
	title = {Moghol}
}

@incollection{watkins1998,
	author = {Watkins, Calvert},
	crossref = {ramatEtAl1998a},
	date-added = {2007-07-10 11:36:59 +0200},
	date-modified = {2016-03-22 17:11:09 +0000},
	pages = {25--73},
	subtitle = {Comparison and reconstruction},
	title = {{Proto-{I}ndo-{{E}}}uropean}
}

@incollection{wagner-nagy2002b,
	author = {Wagner-Nagy, Beáta},
	crossref = {wagner-nagy2002a},
	date-added = {2016-09-18 10:35:28 +0000},
	date-modified = {2016-09-18 10:35:28 +0000},
	keywords = {syntax,Nganasan},
	pages = {145--185},
	title = {Mondattani áttekintés}
}

@incollection{volodin1997,
	address = {Moskva},
	author = {Aleksandr P. Volodin},
	booktitle = {Paleoaziatskie jazyki},
	call-number = {MR (copy)},
	date-added = {2008-09-21 12:56:39 +0200},
	date-modified = {2016-05-28 09:48:02 +0000},
	editor = {Jarceva, Viktorija N.},
	keywords = {Language description;Northern Eurasia},
	pages = {60--71},
	publisher = {Indrik},
	series = {Jazyki mira},
	sortname = {Aleksandr P. Volodin},
	title = {Itel'menskij jazyk},
	year = {1997}
}

@incollection{viitso1998,
	author = {Viitso, Tiit-Rein},
	crossref = {abondolo1998a},
	date-added = {2009-12-23 16:31:18 +0100},
	date-modified = {2016-04-08 09:49:49 +0000},
	pages = {115--148},
	title = {Estonian}
}

@incollection{tsumagari2003,
	author = {Toshiro Tsumagari},
	crossref = {janhunen2003a},
	date-added = {2008-09-16 13:00:10 +0200},
	date-modified = {2016-05-26 16:11:20 +0000},
	pages = {129--153},
	title = {Dagur}
}

@incollection{trost1966,
	address = {Praha},
	author = {Pavel Trost},
	booktitle = {{Prof. {D}r. {A}ntonı́nu Dostálovi, {DrSc}., k 60. {N}arozeninám}},
	date-added = {2008-01-04 13:42:52 +0100},
	date-modified = {2008-01-04 13:46:35 +0100},
	editor = {Zde{\v n}ka Havránková and Jaroslav Popela},
	number = {10},
	pages = {35--38},
	publisher = {Universita Karlova},
	series = {Bulletin {\'U}stavu ruského jazyka a literatury},
	title = {{O složeném adjektivu baltoslovanském}},
	year = {1966}
}

@incollection{thomsen1992,
	author = {Robert L. Thomson},
	crossref = {macauley1992b},
	date-added = {2008-09-18 12:19:20 +0200},
	date-modified = {2016-05-26 16:17:24 +0000},
	pages = {100--136},
	title = {The {M}anx language}
}

@incollection{thomas1992b,
	author = {Alan R. Thomas},
	crossref = {macauley1992b},
	date-added = {2008-09-18 13:07:30 +0200},
	date-modified = {2016-05-26 16:17:13 +0000},
	pages = {346--370},
	title = {The {C}ornish language}
}

@incollection{thomas1992a,
	author = {Alan R. Thomas},
	crossref = {macauley1992b},
	date-added = {2008-09-18 12:53:37 +0200},
	date-modified = {2016-05-26 16:16:58 +0000},
	pages = {251--345},
	title = {The {W}elsh language}
}

@incollection{thodarson1989,
	address = {Wiesbaden},
	author = {Thordarson, Fridrik},
	bib = {Diss},
	booktitle = {Compendium Linguarum Iranicarum},
	call-number = {MR (PDF); MR (copy)},
	date-added = {2009-01-29 19:22:57 +0100},
	date-modified = {2009-01-29 19:24:42 +0100},
	editor = {Schmitt, Rüdiger},
	keywords = {Language description;Indoeuropean;Iranian},
	pages = {456--79},
	publisher = {Reichert},
	title = {Ossetic},
	year = {1989}
}

@incollection{testelec1998,
	address = {Berlin},
	author = {Testelets, Yakov G.},
	booktitle = {Constituent order in the languages of {{E}}urope},
	date-added = {2009-12-03 16:31:50 +0100},
	date-modified = {2014-11-28 11:09:51 +0000},
	editor = {Siewierska, Anna},
	keywords = {Syntax;Typology;Europe},
	number = {20:1},
	pages = {649--679},
	publisher = {Mouton de Gruyter},
	series = {Empirical Approaches to Language Typology},
	sortname = {Testelets, Yakov G.},
	title = {Word order variation in some {{SOV}} languages of {{E}}urope},
	year = {1998}
}

@incollection{ternes1992,
	author = {Elmar Ternes},
	crossref = {macauley1992b},
	date-added = {2008-09-18 12:58:25 +0200},
	date-modified = {2016-05-26 16:16:45 +0000},
	pages = {371--452},
	title = {The {B}reton language}
}

@incollection{tatevosov1996a,
	address = {München},
	author = {Tatevosov, Sergej G.},
	title = {II. Attributives},
	booktitle = {{Godoberi}},
	date-added = {2009-06-11 10:03:14 +0200},
	date-modified = {2010-02-15 12:16:25 +0100},
	editor = {Alexandr E. Kibrik},
	keywords = {Caucasus;Europe;Noun phrase;Adjective},
	number = {2},
	pages = {20--35},
	publisher = {LINCOM Europa},
	series = {LINCOM Studies in Caucasian Linguistics},
	sortname = {Tatevosov, Sergej G.}, 
	year = {1996}
}

@incollection{talibov2004,
	address = {Ann Arbour},
	author = {Talibov, Bukar B.},
	booktitle = {The {N}orth {{E}}ast {C}aucasian languages 2},
	call-number = {Stabi OEL},
	date-added = {2009-06-03 16:53:02 +0200},
	date-modified = {2010-02-15 12:15:09 +0100},
	editor = {Michael Job},
	keywords = {Language description},
	pages = {347--419},
	publisher = {Caravan Books},
	series = {The indigenous languages of the {C}aucasus},
	sortname = {Talibov, Bukar B.},
	title = {Tsakhur},
	volume = {3},
	year = {2004}
}

@incollection{svantesson2003,
	author = {Svantesson, Jan-Olof},
	crossref = {janhunen2003a},
	date-added = {2008-07-27 12:18:52 +0200},
	date-modified = {2016-05-26 16:11:02 +0000},
	pages = {154--176},
	title = {Khalkha}
}

@incollection{sunik1968a,
	author = {Sunik, Orest P.},
	crossref = {vinogradovEtAl1968a},
	date-added = {2009-06-09 18:57:31 +0200},
	date-modified = {2016-05-26 16:27:47 +0000},
	pages = {53--67},
	title = {Tunguso-man'\-čžur\-skie jazyki (vvedenie)}
}

@incollection{stone1993b,
	address = {London},
	author = {Gerald Stone},
	booktitle = {The {S}lavonic languages},
	call-number = {MR (copy)},
	date-added = {2008-09-19 15:14:11 +0200},
	date-modified = {2010-01-04 17:25:47 +0100},
	editor = {Bernard Comrie and Greville G. Corbett},
	keywords = {Language description},
	pages = {759--794},
	publisher = {Routledge},
	series = {Routledge Language Family Series},
	title = {Cassubian},
	year = {1993}
}

@incollection{stone1993a,
	address = {London},
	author = {Stone, Gerald},
	booktitle = {The {S}lavonic languages},
	date-added = {2009-06-12 15:16:59 +0200},
	date-modified = {2010-02-15 10:53:02 +0100},
	editor = {Bernard Comrie and Greville G. Corbett},
	keywords = {Slavic languages;Language description},
	pages = {593--685},
	publisher = {Routledge},
	series = {Routledge Language Family Series},
	title = {Sorbian},
	year = {1993}
}

@incollection{stolz2015a,
	address = {Berlin},
	author = {Stolz, Thomas},
	booktitle = {Borrowed morphology},
	date-added = {2016-07-01 05:49:48 +0000},
	date-modified = {2016-07-01 05:50:02 +0000},
	editor = {Francesco Gardani and Peter Arkadiev and Nino {Amiridze}},
	number = {8},
	pages = {269--301},
	publisher = {De Gruyter Mouton},
	series = {Language Contact and Bilingualism},
	subtitle = {Loss, realignment and innovation},
	title = {Adjective-noun agreement in language contact},
	year = {2015}
}

@incollection{stilo2005,
	address = {London},
	author = {Stilo, Donald},
	booktitle = {Linguistic Convergence and Areal Diffusion: {C}ase studies from {I}ranian, {S}emitic and {T}urkic},
	date-added = {2008-07-27 12:18:52 +0200},
	date-modified = {2010-01-04 17:25:42 +0100},
	editor = {Csató, Éva Ágnes and Isaksson, Bo and Jahani, Carina},
	keywords = {Contact linguistics;Areal typology;Northern Eurasia},
	number = {41:1},
	pages = {35--63},
	publisher = {Routledge Curzon},
	series = {Forum for Modern Language Studies},
	title = {{Iranian} as buffer zone between the universal typologies of {T}urkic and {S}emitic},
	year = {2005}
}

@incollection{steele1978,
	address = {Stanford},
	author = {Steele, Susan},
	booktitle = {Syntax},
	date-added = {2009-04-17 10:50:39 +0200},
	date-modified = {2016-05-27 15:29:36 +0000},
	editor = {Joseph H. Greenberg and Charles A. Ferguson and Edith A. Moravcsik},
	maintitle = {Universals of human language 4},
	pages = {585--623},
	publisher = {Stanford University Press},
	subtitle = {A typological study},
	title = {Word order variation},
	year = {1978}
}

@incollection{slater2003,
	author = {Keith W. Slater},
	crossref = {janhunen2003a},
	date-added = {2008-09-16 13:16:47 +0200},
	date-modified = {2016-05-26 16:10:47 +0000},
	pages = {307--324},
	title = {Mangghuer}
}

@incollection{skribnik2003,
	author = {Elena Skribnik},
	crossref = {janhunen2003a},
	date-added = {2008-09-16 13:27:53 +0200},
	date-modified = {2016-05-26 16:10:35 +0000},
	pages = {102--128},
	title = {Buryat}
}

@incollection{skold1954,
	address = {Stockholm},
	author = {Sköld, Tryggve},
	booktitle = {{Scandinavia at {Fenno-Ugrica}: {S}tudier tillägnade Björn Collinder}},
	date-added = {2008-07-27 12:18:52 +0200},
	date-modified = {2010-02-15 12:11:29 +0100},
	editor = {Strömbeck, Dag},
	keywords = {Saami linguistics;Etymology;Contact linguistics;Historical linguistics;Phonology;North Germanic},
	pages = {33--48},
	publisher = {Almqvist \& Wiksell},
	sortname = {Skold, Tryggve},
	title = {{Om uttalet av runan R och några nordiska lånord i lapskan}},
	year = {1954}
}

@incollection{silvestri1998,
	author = {Silvestri, Domenico},
	crossref = {ramatEtAl1998a},
	date-added = {2008-09-12 14:11:04 +0200},
	date-modified = {2016-03-22 17:10:52 +0000},
	pages = {322--344},
	title = {The {I}talic languages}
}

@incollection{short1993b,
	address = {London},
	author = {Short, David},
	booktitle = {The {S}lavonic languages},
	date-added = {2009-06-12 15:18:23 +0200},
	date-modified = {2010-02-15 10:53:09 +0100},
	editor = {Bernard Comrie and Greville G. Corbett},
	keywords = {Slavic languages;Language description},
	pages = {533--592},
	publisher = {Routledge},
	series = {Routledge Language Family Series},
	title = {{Slovak}},
	year = {1993}
}

@incollection{shevelov1993,
	address = {London},
	author = {Shevelov, George Y.},
	booktitle = {The {S}lavonic languages},
	date-added = {2009-06-12 15:22:31 +0200},
	date-modified = {2009-06-12 15:23:18 +0200},
	editor = {Bernard Comrie and Greville G. Corbett},
	keywords = {Language description},
	pages = {947--998},
	publisher = {Routledge},
	series = {Routledge Language Family Series},
	sortname = {Shevelov, George Y.},
	title = {{Ukrainian}},
	year = {1993}
}

@incollection{senkevic-g1968,
	address = {Leningrad},
	author = {Senkevič-Gudkova, Viktorija V.},
	author-transl = {В. В. Сенкевич-Гудкова; Viktor Maksimovič Žirmunskij; Orest Petrovič Sunik},
	booktitle = {Voprosy teorii častej reči},
	call-number = {MR (PDF); MR (copy)},
	date-added = {2016-02-02 19:17:14 +0000},
	date-modified = {2016-02-02 19:17:53 +0000},
	editor = {Žirmunskij, Viktor M. and Sunik, Orest P.},
	keywords = {Saamic linguistics,morphology,adjective,Kola Saami},
	lid = {sms},
	pages = {274--281},
	publisher = {Nauka},
	sortname = {Senkevic-Gudkova, Viktorija V.},
	subtitle = {Na materiale jazykov različnych tipov},
	title = {O differencjal'nych morfologičeskich priznakach imeni prilagatel'nogo v saamskom jazyke (na materiale notozerskogo dialekta)},
	year = {1968}
}

@incollection{schulze-furhoff1994,
	address = {Delmar},
	author = {Schulze-Fürhoff, Wolfgang},
	booktitle = {The {N}orth {{E}}ast {C}aucasian languages 2},
	date-added = {2009-06-05 13:35:53 +0200},
	date-modified = {2016-03-21 15:51:42 +0000},
	editor = {Rieks Smeets},
	pages = {447--514},
	publisher = {Caravan Books},
	series = {The indigenous languages of the {C}aucasus},
	sortname = {Schulze-Furhoff, Wolfgang},
	title = {Udi},
	volume = {4},
	year = {1994}
}

@incollection{schroder2002,
	address = {Frankfurt am Main},
	author = {Schroeder, Christoph},
	bib = {Diss},
	booksubtitle = {Festschrift {W}infried {B}oeder zum 65. {G}eburtstag},
	booktitle = {Philologie, {T}ypologie und {S}prachstruktur},
	call-number = {MR (copy)},
	date-added = {2007-12-02 11:04:29 +0100},
	date-modified = {2010-02-15 12:03:13 +0100},
	editor = {W. Bublitz and M. von Roncador and H. Vater},
	keywords = {Noun phrase;Attribution},
	pages = {191--210},
	publisher = {Peter Lang},
	title = {Zur {N}ominalphrasenstruktur des {K}irmancı̂},
	year = {2002}
}

@incollection{schmidt1991,
	address = {Delmar},
	author = {Harris, Alice C.},
	booktitle = {The {K}artvelian languages},
	call-number = {Stabi OEL},
	date-added = {2009-06-03 15:08:19 +0200},
	date-modified = {2009-06-03 15:09:04 +0200},
	editor = {Harris, Alice C.},
	keywords = {Historical linguistics;Kartvelian},
	pages = {473--556},
	publisher = {Caravan Books},
	series = {The indigenous languages of the {C}aucasus},
	sortname = {Harris, Alice C.},
	title = {Svan},
	volume = {1},
	year = {1991}
}

@incollection{schmidt1959,
	address = {München},
	author = {Schmidt, Karl Horst},
	booksubtitle = {II {I}ndogermanica -- {O}rientalica},
	booktitle = {Geburtstagsgabe für {W}ilhelm {W}issmann},
	date-added = {2007-12-28 13:08:56 +0100},
	date-modified = {2016-05-27 15:36:03 +0000},
	editor = {Hoffmann, Karl and Humbach, Helmut},
	number = {14},
	pages = {13--22},
	publisher = {J. Kitzinger},
	series = {Münchener Studien zur Sprachwissenschaft},
	title = {Zur {K}omplexion attributiv bestimmter {N}omina und zur {F}rage der ``bestimmten {A}djektiva''},
	year = {1959}
}

@incollection{schachter1987,
	address = {London},
	author = {Paul Schachter},
	bib = {Diss},
	booktitle = {The world's major languages},
	date-added = {2008-09-18 16:10:49 +0200},
	date-modified = {2010-02-14 16:12:05 +0100},
	editor = {Bernard Comrie},
	keywords = {Language description},
	pages = {936--958},
	publisher = {Routledge},
	series = {Routledge Language Family Series},
	title = {Tagalog},
	year = {1987}
}

@incollection{sarv-m2001,
	address = {Tartu},
	author = {Sarv, Marju},
	booktitle = {Congressus Nonus Internationalis {Fenno-Ugristarum} 7.-13.8.2000. {Tartu}},
	call-number = {MR (copy);MR (PDF)},
	date-added = {2008-07-27 12:18:52 +0200},
	date-modified = {2010-07-19 11:34:06 +0200},
	editor = {Seilenthal, Tõnu and Nurk, Anu and Palo, Triinu},
	keywords = {Saami linguistics;Adjective; Noun phrase;Kola Saami},
	number = {5: Dissertationes sectionum: Linguistica II},
	pages = {150--157},
	publisher = {Eesti Fennougristide Komitee},
	title = {Predicative and attributive forms of adjectives in {K}ola and {S}kolt {S}ami dialects},
	year = {2001}
}

@incollection{sandstrom-etal2003,
	author = {Sandström, Göran and Holmberg, Anders},
	crossref = {vangsnesEtAl2003a},
	date-added = {2008-07-27 12:18:52 +0200},
	date-modified = {2016-04-08 09:44:42 +0000},
	origdate = {1996},
	pages = {99--111},
	title = {Ett polysyntetiskt drag i svenska dialekter}
}

@incollection{samvelian2007b,
	address = {Cambridge},
	author = {Pollet Samvelian},
	booksubtitle = {Papers in honor of {M}ohammad {R}eza {B}ateni},
	booktitle = {Aspects of {I}ranian linguistics},
	date-added = {2008-09-13 18:16:52 +0200},
	date-modified = {2016-05-27 15:40:39 +0000},
	editor = {Karimi, S. and Samiian, V. and Don Stilo},
	pages = {339--361},
	publisher = {Cambridge Scholars Publishing},
	subtitle = {Evidence from {P}ersian and {K}urmanji {K}urdish},
	title = {The {{E}}zafe as a head-marking inflectional affix},
	year = {2007}
}

@incollection{salminen1998a,
	author = {Tapani Salminen},
	crossref = {abondolo1998a},
	date-added = {2016-07-14 09:20:06 +0000},
	date-modified = {2016-09-18 12:28:33 +0000},
	keywords = {language description},
	pages = {516--547},
	title = {Tundra {N}enets}
}

@incollection{saidova2004,
	address = {Ann Arbour},
	author = {Saidova, Patimat A.},
	author-translation = {Patimat Abduaevna Sajdova},
	booktitle = {The {N}orth {{E}}ast {C}aucasian languages 2},
	call-number = {Stabi OEL},
	date-added = {2009-06-03 16:49:13 +0200},
	date-modified = {2010-02-15 11:47:03 +0100},
	editor = {Michael Job},
	keywords = {Historical linguistics},
	pages = {69--112},
	publisher = {Caravan Books},
	series = {The indigenous languages of the {C}aucasus},
	sortname = {Saidova, Patimat A.},
	title = {Ghodoberi},
	volume = {3},
	year = {2004}
}

@incollection{saidova2000,
	author = {Saidova, Patimat A.},
	crossref = {gamzatov2000},
	date-added = {2009-06-11 16:00:20 +0200},
	date-modified = {2016-05-28 10:09:41 +0000},
	pages = {275--288},
	title = {Andijskij jazyk}
}

@incollection{saadiev1994,
	address = {Delmar},
	author = {Saadiev, Šamseddin M.},
	booktitle = {The {N}orth {{E}}ast {C}aucasian languages 2},
	call-number = {Stabi OEL},
	date-added = {2009-06-05 13:30:04 +0200},
	date-modified = {2016-05-28 09:58:34 +0000},
	editor = {Rieks Smeets},
	keywords = {Language description;Caucasus;Northern Eurasia;Europe},
	pages = {407--446},
	publisher = {Caravan Books},
	series = {The indigenous languages of the {C}aucasus},
	sortname = {Saadiev, Samseddin M.},
	title = {Kryts},
	volume = {4},
	year = {1994}
}

@incollection{riesler2009,
	address = {Berlin},
	author = {Michael Rießler},
	booksubtitle = {A comparative handbook of lexical borrowing},
	booktitle = {Loanwords in the world's languages},
	date-added = {2010-06-23 14:39:26 +0200},
	date-modified = {2016-09-18 11:44:47 +0000},
	editor = {Martin Haspelmath and Uri Tadmor},
	pages = {384--413},
	publisher = {De Gruyter Mouton},
	sortname = {Michael Rießler},
	title = {Loanwords in {K}ildin {S}aami, a {{U}}ralic language of northern {E}urope},
	year = {2009}
}

@incollection{riesler2006b,
	address = {Umeå},
	author = {Michael Rießler},
	bib = {Diss},
	booksubtitle = {Livet i samernas bosättningsområde för ett tusen år sedan},
	booktitle = {Sápmi {{Y1K}}},
	date-added = {2008-01-03 17:18:59 +0100},
	date-modified = {2008-09-17 21:05:35 +0200},
	editor = {Amft, Andrea and Svonni, Mikael},
	pages = {135--150},
	publisher = {Umeå universitet},
	sortname = {Michael Rießler},
	title = {On samiskans attributiva adjektivform},
	year = {2006}
}

@incollection{riesler2006a,
	address = {Berlin},
	author = {Michael Rießler},
	bib = {Diss},
	booktitle = {Grenzgänger},
	booktitleaddon = {Festschrift zum 65. Geburtstag von Jurij Kusmenko},
	date-added = {2008-06-18 14:25:07 +0200},
	date-modified = {2016-09-10 12:25:34 +0000},
	editor = {Antje Hornscheidt and Kristina Kotcheva and Tomas Milosch and Michael Rießler},
	keywords = {Areal typology; Typology; Syntax; Morphology; North Germanic; Noun phrase; Attribution},
	number = {9},
	pages = {258--274},
	publisher = {Humboldt-Universität zu Berlin},
	series = {Berliner Beiträge zur Skandinavistik},
	sortname = {Michael Rießler},
	title = {Die {{E}}volution attributiver {M}arkierungen im {N}ordgermanischen},
	year = {2006}
}

@incollection{riesler2002a,
	abstract = {Saami linguistics},
	address = {Berlin},
	author = {Michael Rießler},
	booksubtitle = {Föredrag från det 5:e studentkollokviet i nordisk språkvetenskap},
	booktitle = {Strövtåg i nordisk språkvetenskap},
	date-modified = {2016-06-01 09:54:54 +0000},
	editor = {Jurij Kusmenko and Sven Lange},
	number = {27},
	pages = {78--90},
	publisher = {Nordeuropa-Institut},
	series = {Kleine Schriften des Nordeuropa-Instituts},
	sortname = {Michael Rießler},
	title = {Samiskt och finskt substrat i nordskandinaviska dialekter},
	year = {2002}
}

@incollection{riesler2001a,
	address = {Lund},
	author = {Rießler, Michael},
	booktitle = {{{Proceedings of the 18th Scandinavian Conference of Linguistics}}},
	date-added = {2008-07-27 12:18:52 +0200},
	date-modified = {2010-02-05 20:51:12 +0100},
	editor = {Holmer, Arthur and Svantesson, Jan-Olof and Viberg, Åke},
	keywords = {Noun phrase;Contact linguistics;Saami linguistics;North Germanic},
	number = {39:2},
	pages = {168--179},
	publisher = {Lunds universitet},
	series = {Travaux de l'Institut de Linguistique de Lund},
	sortname = {Rießler, Michael},
	title = {{North} {S}candinavian and {S}aami -- two morphosyntactic parallels},
	year = {2001}
}

@incollection{priestly1993,
	address = {London},
	author = {Priestly, Tom M. S.},
	booktitle = {The {S}lavonic languages},
	date-added = {2009-06-12 15:02:47 +0200},
	date-modified = {2010-07-19 11:23:47 +0200},
	editor = {Bernard Comrie and Greville G. Corbett},
	keywords = {Slavic languages;Language description},
	pages = {388--451},
	publisher = {Routledge},
	series = {Routledge Language Family Series},
	sortname = {Priestly, Tom M. S.},
	title = {Slovene},
	year = {1993}
}

@incollection{pokrovskaja1997,
	author = {Pokrovskaja, Ljudmila A.},
	crossref = {tenisev1997a},
	date-added = {2009-12-23 17:19:26 +0100},
	date-modified = {2016-05-28 10:34:47 +0000},
	pages = {224--235},
	title = {Gagauzskij jazyk}
}

@incollection{plank2003,
	abstract = {Abstract: The result of over five years of close collaboration among an international group of leading typologists within the EUROTYP program, this volume is about the morphology and syntax of the noun phrase. Particular attention is paid to nominal inflectional categories and inflectional systems and to the syntax of determination, modification, and conjunction. Its areal focus, like that of other EUROTYP volumes, is on the languages of Europe; but in order to appreciate what is peculiarly European about their noun phrases, a more comprehensive and genuinely typological view is taken at the full range of cross-linguistic variation within this structural domain. There has been no shortage lately of contributions to the theory of noun phrase structure; the present volume is, however, unique in the extent to which its theorizing is empirically grounded. Contributors Abbreviations I. Introduction Frans Plank Noun phrase structure: an und fII. On inflection Aleksandr E. Kibrik Nominal inflection galore: Daghestanian, with side glances at Europe and the world Edith Moravcsik Inflectional morphology in the Hungarian noun phrase: A typological assessment Frans Plank The selective elaboration of nominal or pronominal inflection Greville G. Corbett Types of typology, illustrated from gender systems III. On (over-)determination Frans Plank Double articulation Edith Moravcsik Non-compositional definiteness marking in Hungarian noun phrases David Gil English goes Asian: Number and (in)definiteness in the Singlish noun phrase Maria Koptjevskaja-Tamm A woman of sin, a man of duty, and a hell of a mess: Non-determiner genitives in Swedish IV. On amplification James R. Hurford The interaction between numerals and nouns Maria Koptjevskaja-Tamm Possessive noun phrases in the languages of Europe Maria Koptjevskaja-Tamm Action nominal constructions in the languages of Europe Leon Stassen Noun phrase conjunction: The coordinative and the comitative strategy},
	address = {Berlin},
	author = {Plank, Frans},
	booktitle = {{Noun} Phrase Structure in the Languages of {E}urope},
	date-added = {2008-07-27 12:18:52 +0200},
	date-modified = {2016-05-27 15:42:37 +0000},
	editor = {Plank, Frans},
	number = {20-7},
	pages = {337--395},
	publisher = {Mouton de Gruyter},
	series = {Empirical Approaches to Language Typology/EUROTYP},
	title = {Double articulation},
	year = {2003}
}

@incollection{philippi1997,
	
	author = {Philippi, Julia},
	booktitle = {Parameters of morphosyntactic change},
	date-added = {2009-05-26 18:16:36 +0200},
	date-modified = {2016-05-27 15:44:24 +0000},
	editor = {Ans van Kemenade and Nigel Vincent},
	pages = {62--93},
	publisher = {Cambridge University Press},
	title = {The rise of the article in the {G}ermanic languages},
	year = {1997}
}

@incollection{payne1989,
	address = {Wiesbaden},
	author = {Payne, John},
	booktitle = {Compendium Linguarum Iranicarum},
	call-number = {MR (PDF)},
	date-added = {2010-02-15 12:40:12 +0100},
	date-modified = {2010-02-15 12:44:15 +0100},
	editor = {Rüdiger Schmitt},
	keywords = {Iranian;Pamir},
	pages = {417--444},
	publisher = {Ludwig Reichert},
	title = {{Pamir} languages},
	year = {1989}
}

@incollection{pavlov1985,
	address = {{\v C}eboksary},
	author = {Pavlov, Ivan P.},
	booktitle = {Issledovanija po fonetike, morfologii i frazeologii sovremennogo čuvašskogo jazyka},
	date-added = {2009-05-16 13:28:56 +0200},
	date-modified = {2016-05-27 15:56:01 +0000},
	editor = {Pavlov, Ivan P.},
	pages = {3--15},
	publisher = {Naučno-issledovatel'skij institut jazyka, literatura, istorii i {\.e}konomiki},
	sortname = {Pavlov, Ivan P.},
	title = {Kategorija vydelenija v sovremennom čuvašskom jazyke},
	year = {1985}
}

@incollection{paris1989,
	address = {Delmar},
	author = {Paris, Catherine},
	booktitle = {The {N}orth {W}est {C}aucasian languages},
	call-number = {Stabi OEL},
	date-added = {2009-06-05 11:47:52 +0200},
	date-modified = {2011-01-31 16:05:59 +0100},
	editor = {Hewitt, George B.},
	keywords = {Language description;Caucasus;Europe;Northern Eurasia},
	pages = {155--260},
	publisher = {Caravan Books},
	series = {The indigenous languages of the {C}aucasus},
	title = {{West} {C}ircassian ({A}dyghe: {A}bzakh dialect)},
	volume = {2},
	year = {1994}
}

@incollection{papp1962,
	address = {Helsinki},
	author = {Papp, István},
	booktitle = {Commentationes {{F}enno-{{U}}}gricae in honorem {P}aavo {R}avila},
	date-added = {2009-12-21 12:50:44 +0100},
	date-modified = {2016-05-28 08:06:10 +0000}, 
	number = {125},
	pages = {399--412},
	publisher = {Suomais-Ugrilainen Seura},
	series = {Suomalais-Ugrilaisen Seuran Toimituksia},
	sortname = {Papp, Istvan},
	title = {Zur Frage der Kongruenz des {A}djektivattributs im {F}innischen},
	year = {1962}
}

@incollection{oranskaja2001,
	author = {Oranskaja, Tat'jana I.},
	crossref = {vonogradovEtAl2001a},
	date-added = {2009-06-17 20:57:06 +0200},
	date-modified = {2016-05-28 10:06:34 +0000},
	pages = {413--426},
	title = {Par'ja jazyk}
}

@incollection{odochartaigh1992,
	author = {Cathair {\'O} Dochartaigh},
	crossref = {macauley1992b},
	date-added = {2008-09-18 12:07:23 +0200},
	date-modified = {2016-05-26 16:16:28 +0000},
	pages = {11--99},
	title = {The {I}rish language}
}

@incollection{nocentini1996,
	address = {Firenze},
	author = {Nocentini, Alberto},
	booksubtitle = {Atti del {C}onvegno svoltosi a {F}irenze 26--28 ottobre 1995},
	booktitle = {Determinezza e indeterminezza nelle lingue slave},
	call-number = {MR (copy)},
	date-added = {2008-01-04 15:41:25 +0100},
	date-modified = {2016-09-12 13:45:18 +0000},
	editor = {Rosanna Benacchio and Francesca Fici and Lucyna Gebert},
	keywords = {Noun phrase; Attribution; Definiteness; Typology},
	number = {5},
	pages = {1--9},
	publisher = {Unipress},
	series = {Problemi di morfosintassi delle lingue slave},
	title = {Typology and genesis of the article in the {{E}}uropean languages},
	year = {1996}
}

@incollection{nikolaeva1997,
	author = {Nikolaeva, Irina A.},
	crossref = {jarceva1997},
	date-added = {2009-06-12 14:52:59 +0200},
	date-modified = {2016-05-28 10:02:54 +0000},
	pages = {267--272},
	title = {Vodskij jazyk}
}

@incollection{nielsen1945b,
	address = {Oslo},
	author = {Nielsen, Konrad},
	booktitle = {Lappiske studier},
	date-added = {2008-01-03 17:22:10 +0100},
	date-modified = {2016-05-27 16:06:12 +0000},
	editor = {Nielsen, Konrad},
	number = {1},
	pages = {199--209},
	publisher = {A. W. Br{ø}ggers boktrykkeri},
	series = {Studia septentrionalia},
	title = {A note on the origin of attributive forms in {L}app},
	year = {1945}
}

@incollection{nielsen1933,
	address = {Helsinki},
	author = {Nielsen, Konrad},
	booktitle = {Liber semisaecularis {S}ocietatis {{F}enno-{{U}}}gricae},
	date-modified = {2016-09-18 11:57:01 +0000},
	editor = {Arthur Byhan and Berthold Laufer and Just K. Qvigstad and Karl B. Wiklund},
	number = {67},
	pages = {296--307},
	publisher = {Suomalais-Ugrilainen Seura},
	series = {Suomalais-Ugrilaisen Seuran Toimituksia},
	title = {A note on the origin of attributive forms in {L}app},
	year = {1933}
}

@incollection{nichols1994b,
	address = {Delmar},
	author = {Nichols, Johanna},
	booktitle = {The {N}orth {{E}}ast {C}aucasian languages 2},
	call-number = {MR (copy part)},
	date-added = {2009-06-04 16:42:19 +0200},
	date-modified = {2010-01-04 16:03:38 +0100},
	editor = {Rieks Smeets},
	keywords = {Language description},
	pages = {79--145},
	publisher = {Caravan Books},
	series = {The indigenous languages of the {C}aucasus},
	title = {{Ingush}},
	volume = {4},
	year = {1994}
}

@incollection{nichols1994a,
	address = {Delmar},
	author = {Nichols, Johanna},
	booktitle = {The {N}orth {{E}}ast {C}aucasian languages 2},
	call-number = {MR (copy part)},
	date-added = {2009-06-05 12:33:56 +0200},
	date-modified = {2010-01-04 16:03:30 +0100},
	editor = {Rieks Smeets},
	keywords = {Language description},
	pages = {1--77},
	publisher = {Caravan Books},
	series = {The indigenous languages of the {C}aucasus},
	title = {Chechen},
	volume = {4},
	year = {1994}
}

@incollection{nguyen1987,
	address = {London},
	author = {Đı̀nh-Ho{\`a} Nguy\~{{\^e}}n},
	bib = {Diss},
	booktitle = {The world's major languages},
	date-added = {2008-09-18 15:17:58 +0200},
	date-modified = {2010-02-14 16:12:17 +0100},
	editor = {Bernard Comrie},
	keywords = {Language description},
	pages = {777--796},
	publisher = {Routledge},
	series = {Routledge Language Family Series},
	sortname = {Diynh-Ho{a} Nguy{{e}}n},
	title = {Vietnamese},
	year = {1987}
}

@incollection{nedalkov2001,
	author = {Nedjalkov, Igor V.},
	crossref = {vonogradovEtAl2001a},
	date-added = {2009-06-15 10:17:38 +0200},
	date-modified = {2016-05-28 10:14:26 +0000},
	pages = {338--342},
	title = {Negidal'skij jazyk}
}

@incollection{mayo1993,
	address = {London},
	author = {Mayo, Peter},
	booktitle = {The {S}lavonic languages},
	date-added = {2009-06-12 15:21:10 +0200},
	date-modified = {2009-06-12 15:22:17 +0200},
	editor = {Bernard Comrie and Greville G. Corbett},
	keywords = {Language description},
	pages = {887--946},
	publisher = {Routledge},
	series = {Routledge Language Family Series},
	title = {Belorussian},
	year = {1993}
}

@incollection{magomedova2004,
	address = {Ann Arbour},
	author = {Magomedova, Patimat T.},
	booktitle = {The {N}orth {{E}}ast {C}aucasian languages 2},
	call-number = {Stabi OEL},
	date-added = {2009-06-03 16:46:37 +0200},
	date-modified = {2010-07-19 11:14:33 +0200},
	editor = {Michael Job},
	keywords = {Historical linguistics},
	pages = {3},
	publisher = {Caravan Books},
	series = {The indigenous languages of the {C}aucasus},
	sortname = {Magomedova, Patimat T.},
	title = {Chamalal},
	volume = {3},
	year = {2004}
}

@incollection{magomedova2000b,
	author = {Magomedova, Patimat T.},
	crossref = {gamzatov2000},
	date-added = {2009-06-11 15:44:07 +0200},
	date-modified = {2016-05-28 10:09:59 +0000},
	pages = {422--435},
	title = {Tindinskij jazyk}
}

@incollection{magomedova2000a,
	abstract = {Магомедова Патимат Тураловна},
	author = {Magomedova, Patimat T.},
	crossref = {gamzatov2000},
	date-added = {2009-06-11 15:53:36 +0200},
	date-modified = {2016-05-28 10:10:15 +0000},
	pages = {319--331},
	title = {Bagvalinskij jazyk}
}

@incollection{magomedbekova2000,
	author = {Magomedbekova, Zagidat M.},
	crossref = {gamzatov2000},
	date-added = {2009-06-11 15:57:18 +0200},
	date-modified = {2016-05-28 10:10:30 +0000},
	pages = {306--318},
	title = {Achvachskij jazyk}
}

@incollection{macauley1992,
	author = {Donald MacAulay},
	crossref = {macauley1992b},
	date-added = {2008-09-18 12:22:21 +0200},
	date-modified = {2016-05-26 16:16:03 +0000},
	pages = {137--248},
	title = {The {S}cottish {G}aelic language}
}

@incollection{lytkin1966b,
	address = {Moskva},
	author = {Lytkin, Vasilij I.},
	booktitle = {{Finno-ugorskie i samodijskie jazyki}},
	call-number = {MR},
	date-added = {2009-12-23 17:27:56 +0100},
	date-modified = {2014-11-26 12:57:44 +0000},
	editor = {Lytkin, Vasilij I. and Majtinskaja, Klara E.},
	keywords = {Language description;Komi;Uralic},
	pages = {301--315},
	publisher = {Nauka},
	series = {Jazyki narodov SSSR},
	sortname = {Lytkin, Vasilij I.},
	title = {{{{Komi}-Permjak}}},
	volume = {3},
	year = {1966}
}

@incollection{lytkin1966a,
	address = {Moskva},
	author = {Lytkin, Vasilij I.},
	booktitle = {Finno-ugorskie i samodijskie jazyki},
	call-number = {MR},
	date-added = {2007-07-10 10:49:01 +0200},
	date-modified = {2014-11-26 12:59:59 +0000},
	editor = {Lytkin, Vasilij I. and Majtinskaja, Klara E.},
	keywords = {Language description;Komi;Uralic},
	maintitle = {Jazyki narodov {SSSR}},
	pages = {281--299},
	publisher = {Nauka},
	sortname = {Lytkin, Vasilij I.},
	title = {{{Komi}-{Z}}yrjanskij jazyk},
	volume = {3},
	year = {1966}
}

@incollection{lomtatidze-etal1989,
	address = {Delmar},
	author = {Ketevan Lomtatidze and Rauf Klychev},
	booktitle = {The {N}orth {W}est {C}aucasian languages},
	call-number = {Stabi OEL},
	date-added = {2009-06-05 10:26:31 +0200},
	date-modified = {2011-01-31 16:05:49 +0100},
	editor = {Hewitt, George B.},
	keywords = {Language description;Caucasus;Europe;Northern Eurasia},
	pages = {89--154},
	publisher = {Caravan Books},
	series = {The indigenous languages of the {C}aucasus},
	title = {Abaza},
	volume = {2},
	year = {1994}
}

@incollection{laanest1997,
	author = {Laanest, Arvo},
	crossref = {jarceva1997},
	date-added = {2009-06-12 14:47:54 +0200},
	date-modified = {2016-05-28 10:03:19 +0000},
	pages = {376--382},
	title = {Ižorskij jazyk}
}

@incollection{krukova2007,
	address = {Sankt\hyp{}Peterburg},
	author = {Elena A. Krjukova},
	booktitle = {{Tipologija jazyka i teorija grammatiki: {M}aterialy meždunarodnoj konferencii posvjaščennoj 100-letiju so dnja roždenija S. {D}. {K}acnel'sona}},
	date-added = {2008-09-21 20:43:06 +0200},
	date-modified = {2010-07-19 11:10:33 +0200},
	editor = {M. D Voejkova},
	keywords = {Noun phrase;Historical linguistics;Attribution;Northern Eurasia},
	pages = {115--117},
	publisher = {Nestor-Istorija},
	sortname = {Elena A. Krjukova},
	title = {{Substantivacija v jenisejskich jazykach (na materiale ketskogo, jugskogo i kottskogo jazykov)}},
	year = {2007}
}

@incollection{kotcheva1996a,
	abstract = {Saami linguistics},
	address = {Berlin},
	author = {Kotcheva, Kristina},
	booksubtitle = {Föredrag från det 1:a studentkollokviet i nordisk språkvetenskap},
	booktitle = {Nordisk språkhistoria},
	date-added = {2016-06-01 09:54:59 +0000},
	date-modified = {2016-06-01 09:56:35 +0000},
	editor = {Jurij Kusmenko and Sven Lange},
	number = {7},
	pages = {36--45},
	publisher = {Nordeuropa-Institut},
	series = {Kleine Schriften des Nordeuropa-Instituts},
	subtitle = {Synkroni och diakroni},
	title = {\textit{Den}-lösa konstruktionen i svenska},
	year = {1996}
}

@incollection{kormusin2005,
	address = {Moskva},
	author = {Kormušin, Igor' V.},
	booksubtitle = {{\.E}nciklopedija v trech tomach},
	booktitle = {Jazyki Rossijskoj Federacii i sosednich gosudarstv},
	date-added = {2009-06-15 10:10:25 +0200},
	date-modified = {2016-05-28 10:08:04 +0000},
	editor = {Vinogradov, Viktor A. and Jarceva, Viktorija N.},
	pages = {127--137},
	publisher = {Nauka},
	sortname = {Kormu sin, Igor' V.},
	title = {Tunguso-man'\-čžur\-skie jazyki},
	volume = {3},
	year = {2005}
}

@incollection{koptjevskaja-tamm2006,
	address = {Houndmills},
	author = {Koptjevskaja-Tamm, Maria},
	booksubtitle = {Convergence in historical and typological perspective},
	booktitle = {Linguistic areas},
	date-added = {2009-12-17 14:10:28 +0100},
	date-modified = {2016-04-08 09:51:37 +0000},
	editor = {Matras, Yaron and April McMahon and Nigel Vincent},
	pages = {182--226},
	publisher = {Palgrave Macmillan},
	subtitle = {Two potential isoglosses in the {C}ircum-{B}altic area},
	title = {The circle that won't come full},
	year = {2006}
}

@incollection{koch1992,
	address = {München},
	author = {Koch, Christoph},
	booksubtitle = {Materialien des vom 21.--22. {S}eptember 1989 in {J}ena in {Z}usammenarbeit mit der {I}ndogermanischen {G}esellschaft durchgeführten {K}olloquiums},
	booktitle = {Indogermanisch, {S}lawisch und {B}altisch},
	call-number = {MR (copy)},
	date-added = {2008-01-05 22:17:05 +0100},
	date-modified = {2016-09-12 13:25:37 +0000},
	editor = {Barschel, Bernd and Kozianka, Maria and Karin Weber},
	keywords = {Noun phrase; Adjective; Attribution; Relative clause; Historical linguistics; Slavic; Baltic; Indoeuropean},
	pages = {45--88},
	publisher = {Otto Sagner},
	title = {Zur {V}orgeschichte des relativen {A}ttributkonnexes im {B}altischen und {S}lavischen},
	year = {1992}
}

@incollection{kibrik1994b,
	address = {Delmar},
	author = {Kibrik, Aleksandr E.},
	booktitle = {The {N}orth {{E}}ast {C}aucasian languages 2},
	call-number = {Stabi OEL},
	date-added = {2009-06-05 13:25:23 +0200},
	date-modified = {2009-06-05 13:25:52 +0200},
	editor = {Rieks Smeets},
	keywords = {Language description;Caucasus;Northern Eurasia;Europe},
	pages = {367--406},
	publisher = {Caravan Books},
	series = {The indigenous languages of the {C}aucasus},
	sortname = {Kibrik, Aleksandr E.},
	title = {Khinalug},
	volume = {4},
	year = {1994}
}

@incollection{kibrik1994a,
	address = {Delmar},
	author = {Kibrik, Aleksandr E.},
	booktitle = {The {N}orth {{E}}ast {C}aucasian languages 2},
	call-number = {Stabi OEL},
	date-added = {2009-06-05 13:18:39 +0200},
	date-modified = {2009-06-05 13:20:28 +0200},
	editor = {Rieks Smeets},
	keywords = {Language description;Caucasus;Northern Eurasia;Europe},
	pages = {297--265},
	publisher = {Caravan Books},
	series = {The indigenous languages of the {C}aucasus},
	sortname = {Kibrik, Aleksandr E.},
	title = {Archi},
	volume = {4},
	year = {1994}
}

@incollection{kibort2010a,
	address = {Oxford},
	author = {Kibort, Anna},
	crossref = {kibort-etal2010},
	date-added = {2008-08-20 15:40:41 +0200},
	date-modified = {2014-12-02 09:23:39 +0000},
	pages = {64--106},
	title = {Towards a typology of grammatical features}
}

@incollection{kibort2008a,
	
	author = {Anna Kibort},
	booktitle = {Grammatical Features},
	date-added = {2008-08-24 16:48:01 +0200},
	date-modified = {2016-09-21 15:16:31 +0000},
	editor = {Anna Kibort and Greville G. Corbett},
	lastchecked = {2014-02-16}, 
	publisher = {Surrey Morphology Group},
	title = {A typology of grammatical features},
	url = {http://www.grammaticalfeatures.net/inventory.html},
	urldate = {2014-02-16},
	year = {2008--2016}
}

@incollection{kazenin1996a,
	address = {München},
	author = {Kazenin, Konstantin},
	booktitle = {{Godoberi}},
	date-added = {2009-06-11 10:31:06 +0200},
	date-modified = {2016-09-12 13:23:25 +0000},
	editor = {Alexandr E. Kibrik},
	number = {2},
	pages = {148--154},
	publisher = {LINCOM Europa},
	series = {LINCOM Studies in Caucasian Linguistics},
	title = {Word order in noun phrases},
	year = {1996}
}

@incollection{kalimov1968,
	author = {Abdurachman A. Kalimov},
	crossref = {vinogradovEtAl1968a},
	date-added = {2008-09-17 13:48:13 +0200},
	date-modified = {2016-05-26 16:28:13 +0000},
	pages = {474--488},
	title = {Dunganskij jazyk}
}

@incollection{kadyradziev2000,
	abstract = {Калсын Салахович Кадыраджиев},
	author = {Kadyradžiev, Kalsyn S.},
	crossref = {gamzatov2000},
	date-added = {2009-06-11 16:13:41 +0200},
	date-modified = {2016-05-28 10:10:45 +0000},
	pages = {115--133},
	title = {Kumykskij jazyk}
}

@incollection{julien2003,
	address = {Troms{ø}},
	author = {Julien, Marit},
	booktitle = {{{Proceedings of the 19th Scandinavian Conference of Linguistics}}},
	call-number = {MR (PDF);MR (copy)},
	date-added = {2008-07-27 12:18:52 +0200},
	date-modified = {2010-01-05 10:35:04 +0100},
	editor = {Anne Dahl and Kristine Bentzen and Peter Svenonius},
	keywords = {Noun phrase;Generative syntax;North Germanic},
	number = {31:1},
	pages = {230--244},
	publisher = {Troms{ø} university},
	series = {Nordlyd},
	title = {Double definiteness in {S}candinavian},
	year = {2003}
}

@incollection{jones1997,
	address = {London},
	author = {Jones, Michael},
	bib = {Diss},
	booktitle = {The {R}omance languages},
	date-added = {2009-12-23 17:02:19 +0100},
	date-modified = {2009-12-23 17:03:04 +0100},
	editor = {Harris, Martin and Vincent, Nigel},
	keywords = {Language description},
	pages = {314--350},
	publisher = {Routledge},
	series = {Routledge Language Family Series},
	title = {Sardinian},
	year = {1997}
}

@incollection{janhunen2003b,
	author = {Juha Janhunen},
	crossref = {janhunen2003a},
	date-added = {2008-09-16 12:52:12 +0200},
	date-modified = {2016-09-10 12:27:27 +0000},
	pages = {1--29},
	title = {{Proto-{M}}ongolic}
}

@incollection{jakobson1971,
	address = {The Hague},
	author = {Jakobson, Roman},
	booktitle = {Selected writings},
	date-added = {2008-09-21 21:16:34 +0200},
	date-modified = {2010-02-14 16:21:20 +0100},
	editor = {Roman Jakobson},
	keywords = {Language description;Northern Eurasia;Adjective},
	maintitle = {Notes on {G}ilyak},
	pages = {72--97},
	publisher = {Mouton},
	title = {Word and language},
	volume = {2},
	year = {1971}
}

@incollection{jacobs-etal1994,
	address = {Cambridge},
	author = {Jacobs, Neil G. and Prince, Ellen F. and {van der Auwera}, Johan},
	booktitle = {The {G}ermanic languages},
	date-added = {2008-07-27 12:18:52 +0200},
	date-modified = {2016-05-27 16:12:50 +0000},
	editor = {König, Ekkehard},
	pages = {388--419},
	publisher = {Cambridge University Press},
	series = {Cambridge Language Surveys},
	sortname = {Jacobs, Neil G. and Prince, Ellen F. and {van der Auwera}, Johan},
	title = {{Yiddish}},
	year = {1994}
}

@incollection{jachontova1997,
	abstract = {ЯХОНТОВА, НАТАЛИЯ СЕРГЕЕВНА},
	author = {Jachontova, Natalija S.},
	crossref = {alpatovEtAl1997a},
	date-added = {2008-09-21 19:51:10 +0200},
	date-modified = {2016-03-21 15:46:14 +0000},
	pages = {10--18},
	title = {{Mongol}'skie jazyki}
}

@incollection{isakov-etal2004,
	abstract = {Халилов, Маджид Шарипович Исаков, Исак Абдулвахидович},
	address = {Ann Arbour},
	author = {Isakov, Isak A. and Xalilov, Madžid Š.},
	booktitle = {The {N}orth {{E}}ast {C}aucasian languages 2},
	call-number = {Stabi OEL},
	date-added = {2009-06-03 16:50:18 +0200},
	date-modified = {2010-07-19 10:52:48 +0200},
	editor = {Michael Job},
	keywords = {Language description},
	pages = {169--214},
	publisher = {Caravan Books},
	series = {The indigenous languages of the {C}aucasus},
	sortname = {Isakov, Isak A. and Xalilov, Madzid S.},
	title = {Hinukh},
	volume = {3},
	year = {2004}
}

@incollection{isaev2004,
	address = {Ann Arbour},
	author = {Isaev, Magomedšapi A.},
	booktitle = {The {N}orth {{E}}ast {C}aucasian languages 2},
	call-number = {Stabi OEL},
	date-added = {2009-06-03 16:52:23 +0200},
	date-modified = {2016-05-28 10:28:59 +0000},
	editor = {Michael Job},
	keywords = {Language description},
	pages = {299--343},
	publisher = {Caravan Books},
	series = {The indigenous languages of the {C}aucasus},
	sortname = {Isaev, Magomed sapi A.},
	title = {Dargwa},
	volume = {3},
	year = {2004}
}

@incollection{hudson1997,
	address = {London},
	author = {Hudson, Grover},
	booktitle = {The {S}emitic languages},
	date-added = {2009-12-23 14:45:43 +0100},
	date-modified = {2009-12-23 14:47:58 +0100},
	editor = {Hetzron, Robert},
	keywords = {Africa;Language description;Semitic},
	pages = {457--485},
	publisher = {Routledge},
	series = {Routledge Language Family Series},
	title = {Amharic and {A}rgobba},
	year = {1997}
}

@incollection{hudak1987,
	address = {London},
	author = {Thomas John Hudak},
	bib = {Diss},
	booktitle = {The world's major languages},
	date-added = {2008-09-18 15:15:47 +0200},
	date-modified = {2010-02-14 16:12:10 +0100},
	editor = {Bernard Comrie},
	keywords = {Language description},
	pages = {757--757},
	publisher = {Routledge},
	series = {Routledge Language Family Series},
	title = {{Thai}},
	year = {1987}
}

@incollection{honti1997,
	address = {Maastricht},
	author = {Honti, László},
	booksubtitle = {Vorträge des {S}ymposiums aus {A}nlaß des 30-jährigen {B}estehens der {F}innougristik an der {R}ijksuniversiteit {G}roningen 21.--23. {N}ovember 1996},
	booktitle = {Finnisch-ugrische {S}prachen in {K}ontakt},
	date-added = {2009-12-21 12:40:41 +0100},
	date-modified = {2016-09-12 13:04:11 +0000},
	editor = {Hahmo, Sirkka-Liisa and Hofstra, Tette and Honti, László and {van Linde}, Paul and Nikkilä, Osmo},
	pages = {135--144},
	publisher = {Shaker},
	sortname = {Honti, Laszlo},
	subtitle = {Zum historischen {H}intergrund der {A}ttributivkongruenz in uralischen {S}prachen},
	title = {Fremdes oder {{E}}igenständiges?},
	year = {1997}
}

@incollection{holmberg-etal2003,
	author = {Holmberg, Anders and Sandström, Göran},
	crossref = {vangsnesEtAl2003a},
	date-added = {2008-07-27 12:18:52 +0200},
	date-modified = {2016-04-08 09:44:13 +0000},
	origdate = {1996},
	pages = {85--98},
	title = {Vad är det för särskilt med nordsvenska nominalfraser?}
}

@incollection{holisky1991,
	address = {Delmar},
	author = {Holisky, Dee Ann},
	booktitle = {The {K}artvelian languages},
	call-number = {Stabi OEL},
	date-added = {2009-06-03 15:07:24 +0200},
	date-modified = {2009-06-03 16:26:27 +0200},
	editor = {Harris, Alice C.},
	keywords = {Historical linguistics;Kartvelian},
	pages = {395--472},
	publisher = {Caravan Books},
	series = {The indigenous languages of the {C}aucasus},
	title = {Laz},
	volume = {1},
	year = {1991}
}

@incollection{holisky-etal1994,
	address = {Delmar},
	author = {Holisky, Dee Ann and Gagua, Rusudan},
	booktitle = {The {N}orth {{E}}ast {C}aucasian languages 2},
	call-number = {Stabi OEL},
	date-added = {2009-06-05 12:31:29 +0200},
	date-modified = {2009-06-05 12:33:21 +0200},
	editor = {Rieks Smeets},
	keywords = {Language description},
	pages = {147--212},
	publisher = {Caravan Books},
	series = {The indigenous languages of the {C}aucasus},
	title = {{Tsova-{T}}ush ({B}atsbi)},
	volume = {4},
	year = {1994}
}

@incollection{hewitt1989a,
	address = {Delmar},
	author = {Hewitt, George B.},
	booktitle = {The {N}orth {W}est {C}aucasian languages},
	call-number = {Stabi OEL},
	date-added = {2009-06-05 09:49:28 +0200},
	date-modified = {2011-01-31 16:05:38 +0100},
	editor = {Hewitt, George B.},
	keywords = {Language description;Caucasus;Europe;Northern Eurasia},
	pages = {38--88},
	publisher = {Caravan Books},
	series = {The indigenous languages of the {C}aucasus},
	sortname = {Hewitt, George B.},
	title = {Abkhaz},
	volume = {2},
	year = {1994}
}

@incollection{helimski2005,
	abstract = {The "Northern European Sprachbund" (Wagner etc.) is not mentioned},
	address = {Paris},
	author = {Eugene Helimski},
	booksubtitle = {A linguistic and cognitive approach},
	booktitle = {The {{U}}ralic languages today},
	date-added = {2008-07-27 12:18:52 +0200},
	date-modified = {2016-04-08 09:48:00 +0000},
	editor = {Fernandez-Vest, M. M. Jocelyne},
	number = {240},
	pages = {87--99},
	publisher = {Honoré Champion},
	series = {Biblioth{\`e}que de l'Ecole des hautes études},
	subtitle = {Areal connections within and across the family},
	title = {Uralic languages in {S}prachbünde},
	year = {2005}
}

@incollection{helimski1998b,
	author = {Helimski, Eugene},
	crossref = {abondolo1998a},
	date-added = {2010-01-04 16:54:28 +0100},
	date-modified = {2016-04-08 09:50:06 +0000},
	pages = {548--579},
	title = {Selkup}
}

@incollection{helimski1998a,
	author = {Helimski, Eugene},
	crossref = {abondolo1998a},
	date-added = {2010-01-04 16:55:54 +0100},
	date-modified = {2016-04-08 09:50:23 +0000},
	pages = {480--515},
	title = {Nganasan}
}

@incollection{haspelmath2010,
	address = {Oxford},
	author = {Haspelmath, Martin},
	booktitle = {The {O}xford handbook of grammatical analysis},
	date-added = {2011-03-29 20:13:37 +0200},
	date-modified = {2014-12-01 11:18:20 +0000},
	editor = {Heine, Bernd and Narrog, Heiko},
	keywords = {Theoretical linguistics;Functional linguistics;Generative linguistics},
	pages = {341--365},
	publisher = {Oxford University Press},
	title = {Framework-free grammatical theory},
	year = {2010}
}

@incollection{haspelmath2003,
	address = {Mahwah},
	author = {Haspelmath, Martin},
	booktitle = {The new psychology of language},
	call-number = {MR (PDF)},
	date-added = {2009-05-31 13:40:29 +0200},
	date-modified = {2016-04-08 09:31:46 +0000},
	editor = {Tomasello, Michael},
	keywords = {Typology},
	pages = {211--242},
	publisher = {Erlbaum},
	subtitle = {Semantic maps and cross linguistic comparison},
	title = {The geometry of grammatical meaning},
	volume = {2},
	year = {2003}
}

@incollection{harris1997,
	address = {London},
	author = {Harris, Martin},
	booktitle = {The {R}omance languages},
	date-added = {2009-12-23 16:41:13 +0100},
	date-modified = {2010-01-05 10:04:34 +0100},
	editor = {Harris, Martin and Nigel Vincent},
	pages = {209--245},
	publisher = {Routledge},
	series = {Routledge Language Family Series},
	title = {{French}},
	year = {1997}
}

@incollection{harris1991b,
	address = {Delmar},
	author = {Harris, Alice C.},
	booktitle = {The {K}artvelian languages},
	call-number = {Stabi OEL},
	date-added = {2009-06-03 15:05:34 +0200},
	date-modified = {2009-06-03 15:06:12 +0200},
	editor = {Harris, Alice C.},
	keywords = {Historical linguistics;Kartvelian},
	number = {1},
	pages = {313--394},
	publisher = {Caravan Books},
	series = {The indigenous languages of the {C}aucasus},
	sortname = {Harris, Alice C.},
	title = {{Mingrelian}},
	year = {1991}
}

@incollection{harris1991a,
	address = {Delmar},
	author = {Harris, Alice C.},
	booktitle = {The {K}artvelian languages},
	call-number = {Stabi OEL},
	date-added = {2009-06-03 15:00:32 +0200},
	date-modified = {2009-06-03 15:05:26 +0200},
	editor = {Harris, Alice C.},
	keywords = {Historical linguistics;Kartvelian},
	number = {1},
	pages = {7--83},
	publisher = {Caravan Books},
	series = {The indigenous languages of the {C}aucasus},
	sortname = {Harris, Alice C.},
	title = {Overview on the history of the {K}artvelian languages},
	year = {1991}
}

@incollection{hajdu1996,
	abstract = {concord agreement},
	address = {Szeged},
	author = {Hajdú, Péter},
	booktitle = {Ünnepi könyv {M}ikola {T}ibor tiszteletére},
	date-added = {2009-12-21 12:46:45 +0100},
	date-modified = {2016-09-12 12:59:45 +0000},
	editor = {Mészáros, Edit},
	keywords = {Saami linguistics;Historical linguistics;Noun phrase},
	pages = {114--118},
	publisher = {JATE Finnugor Tanszék},
	sortname = {Hajd{u}, Peter},
	title = {Lappáliák},
	year = {1996}
}

@incollection{haiman1997,
	address = {London},
	author = {Haiman, John},
	bib = {Diss},
	booktitle = {The {R}omance languages},
	date-added = {2008-09-13 06:24:53 +0200},
	date-modified = {2016-09-22 07:24:07 +0000},
	editor = {Harris, Martin and Vincent, Nigel},
	keywords = {Language description},
	pages = {351--390},
	publisher = {Routledge},
	series = {Routledge Language Family Series},
	title = {{Rhaeto-{R}}omance},
	year = {1997}
}

@incollection{haider-etal1984,
	address = {Berlin},
	author = {Hubert Haider and Ronald Zwanziger},
	booktitle = {Historical Syntax},
	date-added = {2009-10-30 16:04:12 +0100},
	date-modified = {2016-04-08 09:57:15 +0000},
	editor = {Fisiak, Jacek},
	keywords = {Noun phrase;Attribution;Indoeuropean;Historical linguistics},
	pages = {137--172},
	publisher = {Mouton},
	subtitle = {The `ezafe'\hyp{}construction from {O}ld {I}ranian to {M}odern {P}ersian},
	title = {Relatively attributive},
	year = {1984}
}

@incollection{gil2005,
	address = {München},
	author = {Gil, David},
	bib = {Diss},
	booktitle = {The world atlas of language structures online},
	date-added = {2009-05-13 10:25:57 +0200},
	date-modified = {2010-07-19 10:25:18 +0200},
	editor = {Haspelmath, Martin and Dryer, Matthew S. and Gil, David and Comrie, Bernard},
	keywords = {Typology;Database;Noun phrase;Attribution},
	lastchecked = {2009-04-19},
	
	publisher = {Max Planck Digital Library},
	title = {Genitives, adjectives and relative clauses},
	url = {http://wals.info/feature/description/60/},
	year = {2005}
}

@incollection{dzidalaev2000,
	abstract = {Джидалаев Нурислам Сиражутинович},
	author = {Džidalaev, Nurislam S.},
	crossref = {gamzatov2000},
	date-added = {2009-06-11 16:06:21 +0200},
	date-modified = {2016-05-28 10:11:02 +0000},
	pages = {218--236},
	title = {Tatskij jazyk}
}

@incollection{dryer2007,
	abstract = {This unique three-volume survey brings together a team of leading scholars to explore the syntactic and morphological structures of the world's languages. Clearly organized and broad-ranging, it covers topics such as parts-of-speech, passives, complementation, relative clauses, adverbial clauses, inflectional morphology, tense, aspect, mood and diexis. The contributors look at the major ways that these notions are realized, and provide informative sketches of them at work in a range of languages. Each volume is accessibly written and clearly explains each new concept introduced. Although the volumes can be read independently, together they provide an indispensable reference work for all linguists and fieldworkers interested in cross-linguistic generalizations. Most of the chapters in the second edition are substantially revised or completely new - some on topics not covered by the first edition. Volume I: Clause structure; Volume II: Complex Constructions; Volume III: Grammatical Categories and the Lexicon},
	address = {Cambridge},
	author = {Dryer, Matthew S.},
	booktitle = {Complex constructions, language typology and syntactic description},
	call-number = {MR (copy)},
	date-added = {2009-10-20 10:27:36 +0200},
	date-modified = {2016-05-27 16:16:15 +0000},
	edition = {2},
	editor = {Shopen, Timothy},
	keywords = {Typology;Noun phrase},
	pages = {151--205},
	publisher = {Cambridge University Press},
	series = {Language typology and syntactic description},
	sortname = {Dryer, Matthew S.},
	title = {{Noun} phrase structure},
	volume = {2},
	year = {2007}
}

@incollection{donidze1997,
	abstract = {Донидзе Гайоз Ильич},
	author = {Donidze, Gajoz I.},
	crossref = {tenisev1997a},
	date-added = {2009-12-23 17:22:22 +0100},
	date-modified = {2016-05-28 10:35:13 +0000},
	pages = {497--506},
	title = {Šorskij jazyk}
}

@incollection{demiraj1998,
	author = {Demiraj, Shaban},
	crossref = {ramatEtAl1998a},
	date-added = {2008-07-27 12:18:52 +0200},
	date-modified = {2016-05-27 16:18:27 +0000},
	pages = {480--501},
	title = {Albanian}
}

@incollection{delsing1996b,
	
	author = {Delsing, Lars-Olof},
	booktitle = {Syntaktisk variasjon i nordiske målf{ø}re},
	date-added = {2008-07-27 12:18:52 +0200},
	date-modified = {2016-05-27 16:19:34 +0000},
	editor = {Vangsnes, {\O}ystein A.},
	number = {9},
	pages = {24--74},
	publisher = {Universitetet i Bergen},
	series = {Nordica Bergensia},
	title = {Nominalfrassyntax i skandinaviska dialekter},
	year = {1996}
}

@incollection{dahl2003,
	address = {Berlin},
	author = {Dahl, {\"O}sten},
	booksubtitle = {Dialect grammar from a cross-linguistic perspective},
	booktitle = {Dialectology meets typology},
	call-number = {MR (copy);MR (PDF)},
	date-added = {2008-07-27 12:18:52 +0200},
	date-modified = {2016-03-30 12:39:01 +0000},
	editor = {Kortmann, Bernd},
	keywords = {Noun phrase;Attribution;Article;North Germanic},
	number = {153},
	pages = {147--180},
	publisher = {Mouton de Gruyter},
	series = {Trends in Linguistics. Studies and Monographs},
	sortname = {Dahl, {O}sten},
	subtitle = {Competing grammaticalization processes in standard and non-standard varieties},
	title = {Definite articles in {S}candinavian},
	year = {2003}
}

@incollection{croft1995,
	abstract = {scetch of a typology of genitive constructions},
	address = {Oxford},
	author = {Croft, William},
	booktitle = {Approaches to language typology},
	call-number = {MR},
	date-added = {2008-07-27 12:18:52 +0200},
	date-modified = {2010-01-04 18:09:25 +0100},
	editor = {Masayoshi Shibatani and Theodora Bynon},
	keywords = {Attribution; Noun phrase;},
	pages = {85--145},
	publisher = {Clarendon Press},
	title = {Modern syntactic typology},
	year = {1995}
}

@incollection{comrie1998,
	author = {Comrie, Bernard},
	crossref = {ramatEtAl1998a},
	date-added = {2008-01-07 16:48:35 +0100},
	date-modified = {2016-03-22 17:11:25 +0000},
	pages = {74--97},
	subtitle = {Genetic and typological perspectives},
	title = {The {{I}ndo-{{E}}}uropean linguistic family}
}

@incollection{colarusso1989,
	address = {Delmar},
	author = {Colarusso, John},
	booktitle = {The {N}orth {W}est {C}aucasian languages},
	date-added = {2009-06-05 10:53:03 +0200},
	date-modified = {2011-01-31 16:04:15 +0100},
	editor = {Hewitt, George B.},
	keywords = {Language description;Caucasus;Europe;Northern Eurasia},
	pages = {261--355},
	publisher = {Caravan Books},
	series = {The indigenous languages of the {C}aucasus},
	title = {{East} {C}ircassian ({K}abardian dialect)},
	volume = {2},
	year = {1994}
}

@incollection{clark1998a,
	address = {London},
	author = {Clark, Larry},
	booktitle = {The {T}urkic languages},
	crossref = {johansonEtAl1998a},
	date-added = {2008-07-27 12:18:52 +0200},
	date-modified = {2016-09-22 07:22:17 +0000},
	editor = {Johanson, Lars and Csató, Éva Ágnes},
	pages = {434--452},
	publisher = {Routledge},
	series = {Routledge Language Family Series},
	title = {Chuvash},
	year = {1998}
}

@incollection{cincius1997,
	author = {Cincius, Vera I.},
	crossref = {alpatovEtAl1997a},
	date-added = {2009-12-23 17:04:22 +0100},
	date-modified = {2016-05-26 16:29:24 +0000},
	pages = {226--236},
	title = {Solonskij jazyk}
}

@incollection{carstairs-mccarthy2000a,
	author = {Carstairs-McCarthy, Andrew},
	crossref = {booijETAL2000a},
	date-added = {2010-06-26 08:36:07 +0200},
	date-modified = {2016-03-21 15:34:37 +0000},
	pages = {264--272},
	title = {Category and feature}
}

@incollection{browne1993,
	address = {London},
	author = {Browne, Wayles},
	booktitle = {The {S}lavonic languages},
	date-added = {2009-06-12 16:27:49 +0200},
	date-modified = {2010-01-04 17:45:23 +0100},
	editor = {Bernard Comrie and Greville G. Corbett},
	keywords = {Language description},
	pages = {306--387},
	publisher = {Routledge},
	series = {Routledge Language Family Series},
	title = {{{Serbo-Croat}}},
	year = {1993}
}

@incollection{bogoras1922,
	address = {Washington, D. C.},
	author = {Waldemar Bogoras},
	booktitle = {Handbook of the {A}merican {I}ndian languages. 2},
	date-added = {2008-09-20 18:15:19 +0200},
	date-modified = {2010-07-19 09:15:53 +0200},
	editor = {Franz Boas},
	keywords = {Language description;Northern Eurasia},
	number = {40},
	pages = {631--903},
	publisher = {Bureau of American Ethnology},
	series = {Bulletin of the Smithonian Institute},
	title = {Chukchee},
	year = {1922}
}

@incollection{boeschoten1998,
	address = {London},
	author = {Boeschoten, Hendrik},
	booktitle = {The {T}urkic languages},
	crossref = {johansonEtAl1998a},
	date-added = {2009-06-12 11:47:20 +0200},
	date-modified = {2016-09-22 07:21:54 +0000},
	editor = {Csató, Éva Ágnes and Johanson, Lars},
	pages = {357--378},
	publisher = {Routledge},
	title = {Uzbek},
	year = {1998}
}

@incollection{blasing2003,
	author = {Uwe Bläsing},
	crossref = {janhunen2003a},
	date-added = {2008-09-16 13:21:21 +0200},
	date-modified = {2016-05-26 16:09:56 +0000},
	pages = {229--247},
	title = {Kalmuck}
}

@incollection{birtalan2003,
	author = {Birtalan, Ágnes},
	crossref = {janhunen2003a},
	date-added = {2008-09-16 13:25:48 +0200},
	date-modified = {2016-05-26 16:09:28 +0000},
	pages = {210--228},
	title = {{Oirat}}
}

@incollection{bickel1999,
	address = {Kathmandu},
	author = {Bickel, Balthasar},
	booktitle = {Topics in {N}epalese Linguistics},
	date-added = {2010-06-25 21:13:05 +0200},
	date-modified = {2010-07-18 20:04:17 +0200},
	editor = {Yogendra P. Yadava and Warren G. Glover},
	keywords = {Noun phrase},
	pages = {271--296},
	publisher = {Royal Nepal Academy},
	title = {Nominalization and focus constructions in some {K}iranti languages},
	year = {1999}
}

@incollection{bickel-etal2007,
	address = {Cambridge},
	author = {Bickel, Balthasar and Nichols, Johanna},
	booktitle = {Grammatical Categories and the Lexicon},
	date-added = {2008-07-27 12:18:52 +0200},
	date-modified = {2014-11-28 14:02:48 +0000},
	edition = {2},
	editor = {Shopen, Timothy},
	keywords = {Morphology;Typology},
	maintitle = {Language typology and syntactic description},
	pages = {169--240},
	publisher = {Cambridge University Press},
	title = {Inflectional morphology},
	volume = {3},
	year = {2007}
}

@incollection{bickel-etal2002,
	address = {Nijmegen},
	author = {Balthasar Bickel and Johanna Nichols},
	booktitle = {{Proceedings of the {I}nternational {{LREC}} {W}orkshop on {R}esources and {T}ools in {F}ield {L}inguistics, {L}as {P}almas, 26--27 {M}ay 2002}},
	date-added = {2008-08-28 10:28:30 +0200},
	date-modified = {2016-05-28 08:11:54 +0000},
	doi = {10.5167/uzh-76860},
	editor = {Austin, Peter and Helen Dry and Peter Witternburg},
	
	publisher = {ISLE and DOBES},
	title = {Autotypologizing databases and their use in fieldwork},
	year = {2003}
}

@incollection{benzing1993b,
	address = {Wiesbaden},
	author = {Benzing, Johannes},
	booktitle = {Bolgarisch-tschuwaschische {S}tudien},
	date-added = {2009-05-16 13:34:17 +0200},
	date-modified = {2016-09-12 12:26:07 +0000},
	editor = {Claus Schönig},
	number = {12},
	origdate = {1940},
	pages = {1--17},
	publisher = {Harrassowitz},
	series = {Turcologica},
	title = {Das Possessivsuffix der dritten {P}erson},
	year = {1993}
}

@incollection{benzing1963,
	address = {Leiden},
	author = {Benzing, Johannes},
	booktitle = {Turkologie},
	date-added = {2010-02-05 12:15:08 +0100},
	date-modified = {2016-09-12 12:25:50 +0000},
	editor = {Spuler, Bertold},
	keywords = {Turkic;Language description},
	maintitle = {Altaistik},
	number = {5},
	pages = {61--71},
	publisher = {Brill},
	series = {Handbuch der Orientalistik},
	title = {Das {T}schuwaschische},
	volume = {1},
	year = {1963}
}

@incollection{baskakov2001,
	author = {Baskakov, Nikolaj A.},
	crossref = {vonogradovEtAl2001a},
	date-added = {2008-07-30 16:21:45 +0200},
	date-modified = {2016-09-22 07:41:32 +0000},
	pages = {49--56},
	title = {Karakalpakskij jazyk}
}

@incollection{baskakov1997b,
	author = {Baskakov, Nikolaj A.},
	crossref = {tenisev1997a},
	date-added = {2009-12-23 17:13:37 +0100},
	date-modified = {2016-09-22 07:41:40 +0000},
	pages = {197--187},
	title = {Altajskij jazyk}
}

@incollection{azaev2000,
	author = {Azaev, Ch. G.},
	crossref = {gamzatov2000},
	date-added = {2009-06-11 15:48:35 +0200},
	date-modified = {2016-05-28 10:11:16 +0000},
	pages = {346--359},
	title = {Botlichskij jazyk}
}

@incollection{avrorin1968,
	author = {Avrorin, Valentin A.},
	crossref = {vinogradovEtAl1968a},
	date-added = {2009-06-03 13:33:04 +0200},
	date-modified = {2016-05-26 16:27:27 +0000},
	pages = {129--148},
	title = {Nanajskij jazyk}
}

@incollection{avrorin-etal1967,
	author = {Avrorin, Valentin A. and Lebedeva, Elena P.},
	crossref = {vinogradovEtAl1968a},
	date-added = {2009-10-26 13:49:44 +0100},
	date-modified = {2016-05-26 16:26:29 +0000},
	pages = {191--210},
	title = {Oročskij jazyk}
}

@incollection{aronson1991,
	address = {Delmar},
	author = {Aronson, Howard I.},
	booktitle = {The {K}artvelian languages},
	call-number = {Stabi OEL},
	date-added = {2009-06-03 15:06:19 +0200},
	date-modified = {2010-07-18 19:45:42 +0200},
	editor = {Harris, Alice C.},
	keywords = {Historical linguistics;Kartvelian},
	pages = {219--312},
	publisher = {Caravan Books},
	series = {The indigenous languages of the {C}aucasus},
	sortname = {Aronson, Howard I.},
	title = {Modern {G}eorgian},
	volume = {1},
	year = {1991}
}

@incollection{alekseev1994b,
	address = {Delmar},
	author = {Alekseev, Michail E.},
	booktitle = {The {N}orth {{E}}ast {C}aucasian languages 2},
	call-number = {Stabi OEL},
	date-added = {2009-06-05 13:16:41 +0200},
	date-modified = {2010-07-18 18:10:00 +0200},
	editor = {Rieks Smeets},
	keywords = {Language description;Caucasus;Northern Eurasia;Europe},
	pages = {259--296},
	publisher = {Caravan Books},
	series = {The indigenous languages of the {C}aucasus},
	sortname = {Alekseev, Michail E.},
	title = {Budukh},
	volume = {4},
	year = {1994}
}

@incollection{alekseev1994a,
	address = {Delmar},
	author = {Alekseev, Michail E.},
	booktitle = {The {N}orth {{E}}ast {C}aucasian languages 2},
	call-number = {Stabi OEL},
	date-added = {2009-06-05 13:13:41 +0200},
	date-modified = {2010-07-18 18:09:52 +0200},
	editor = {Rieks Smeets},
	keywords = {Language description;Caucasus;Northern Eurasia;Europe},
	pages = {213--258},
	publisher = {Caravan Books},
	series = {The indigenous languages of the {C}aucasus},
	sortname = {Alekseev, Michail E.},
	title = {Rutul},
	volume = {4},
	year = {1994}
}

@incollection{alekseev-etal2004,
	address = {Ann Arbour},
	author = {Alekseev, Michail E. and Radžabov, Ramazan N.},
	booktitle = {The {N}orth {{E}}ast {C}aucasian languages 2},
	call-number = {Stabi OEL},
	date-added = {2009-06-03 16:49:43 +0200},
	date-modified = {2010-07-18 19:43:54 +0200},
	editor = {Michael Job},
	pages = {115--163},
	publisher = {Caravan Books},
	series = {The indigenous languages of the {C}aucasus},
	sortname = {Alekseev, Michail E. and Radzabov, Ramazan N.},
	title = {{Tsez}},
	volume = {3},
	year = {2004}
}

@incollection{ajello1998,
	author = {Ajello, Roberto},
	crossref = {ramatEtAl1998a},
	date-added = {2008-07-27 12:18:52 +0200},
	date-modified = {2016-03-22 17:09:19 +0000},
	pages = {197--227},
	title = {Armenian}
}

@incollection{abdullaev2000,
	abstract = {Гамзатов, Гаджи Гамзатович},
	author = {Abdullaev, Isa Ch.},
	crossref = {gamzatov2000},
	date-added = {2009-06-11 16:04:47 +0200},
	date-modified = {2016-05-28 10:12:21 +0000},
	pages = {134--151},
	title = {Lakskij jazyk},
	year = {2000}
}

@incollection{KibrikEtAl2004,
	address = {Ann Arbour},
	author = {Kibrik, Aleksandr E. and Testelets, Jakov G.},
	booktitle = {The {N}orth {{E}}ast {C}aucasian languages 2},
	call-number = {Stabi OEL},
	date-added = {2009-06-03 16:51:35 +0200},
	date-modified = {2016-02-02 19:20:21 +0000},
	editor = {Michael Job},
	keywords = {Language description},
	pages = {217--295},
	publisher = {Caravan Books},
	series = {The indigenous languages of the {C}aucasus},
	sortname = {Kibrik, Aleksandr E. and Testelets, Jakov G.},
	title = {{Bezhta}},
	volume = {3},
	year = {2004}
}

@incollection{AUTOTYP-NP,
	author = {Bickel, Balthasar and Nichols, Johanna and Michael Rießler},
	crossref = {AUTOTYP},
	date-added = {2009-10-21 13:48:57 +0200},
	date-modified = {2016-09-12 12:36:44 +0000},
	lastchecked = {2016-07-19},
	
	title = {{{NP}} structures},
	url = {http://www.autotyp.uzh.ch/projects/nps/nps.html}
}

@inbook{mikkola1950,
	abstract = {p.52 bestimmte Adj im Baltischen und Germanischen},
	address = {Heidelberg},
	author = {Mikkola, Jooseppi Julius},
	booktitle = {Formenlehre},
	date-added = {2007-12-31 16:19:25 +0100},
	date-modified = {2016-04-08 10:05:46 +0000},
	mainsubtitle = {Einführung in das vergleichende Studium der slavischen Sprachen},
	maintitle = {Urslavische Grammatik},
	publisher = {Winter},
	volume = {3},
	year = {1950}
}

@collection{wagner-nagy2002a,
	address = {Szeged},
	booktitle = {Chrestomathia nganasanica},
	date-added = {2016-06-01 09:59:52 +0000},
	date-modified = {2016-09-22 07:08:22 +0000},
	editor = {Beáta Wagner-Nagy},
	number = {10},
	publisher = {SzTE Finnugor Tanszék},
	series = {Studia Uralo-Altaica (Supplementum)},
	title = {Chrestomathia nganasanica},
	year = {2002}
}

@collection{vonogradovEtAl2001a,
	address = {Moskva},
	booktitle = {Jazyki Rossijskoj Federacii i sosednich gosudarstv},
	date-added = {2016-05-28 10:05:02 +0000},
	date-modified = {2016-05-28 10:05:55 +0000},
	editor = {Vinogradov, Viktor A. and Jarceva, Viktorija N.},
	publisher = {Nauka},
	subtitle = {{\.E}nciklopedija v trech tomach},
	title = {Jazyki Rossijskoj Federacii i sosednich gosudarstv},
	volume = {2},
	year = {2001}
}

@collection{vinogradovEtAl1968a,
	address = {Moskva},
	booktitle = {{Mongol}'skie, tunguso-man'\-čžur\-skie i paleoaziatskie jazyki},
	date-added = {2016-05-26 16:24:01 +0000},
	date-modified = {2016-05-26 16:26:11 +0000},
	editor = {Vinogradov, Viktor V. and Skorik, Petr Ja.},
	number = {5},
	publisher = {Nauka},
	series = {Jazyki narodov SSSR},
	title = {{Mongol}'skie, tunguso-man'\-čžur\-skie i paleoaziatskie jazyki},
	year = {1968}
}

@collection{vangsnesEtAl2003a,
	address = {Troms{ø}},
	booktitle = {Dialektsyntaktiska studier av den nordiska nominalfrasen},
	date-added = {2016-04-08 09:41:35 +0000},
	date-modified = {2016-04-08 09:43:28 +0000},
	editor = {Vangsnes, {\O}ystein A. and Holmberg, Anders and Delsing, Lars-Olof},
	number = {22},
	publisher = {Novus},
	series = {Troms{ø}-studier i språkvitenskap},
	title = {Dialektsyntaktiska studier av den nordiska nominalfrasen},
	year = {2003}
}

@collection{tenisev1997a,
	address = {Moskva},
	booktitle = {Tjurkskie jazyki},
	date-added = {2016-05-28 10:32:44 +0000},
	date-modified = {2016-05-28 10:33:54 +0000},
	editor = {Tenišev, {\.E}dgem R.},
	publisher = {Indrik},
	series = {Jazyki mira},
	title = {Tjurkskie jazyki},
	year = {1997}
}

@collection{ramatEtAl1998a,
	address = {London},
	booktitle = {The {{I}ndo-{{E}}}uropean languages},
	date-added = {2016-03-22 17:07:52 +0000},
	date-modified = {2016-09-22 07:26:15 +0000},
	editor = {Ramat, Anna Giacalone and Ramat, Paolo},
	publisher = {Routledge},
	series = {Routledge Language Family Series},
	title = {The {{I}ndo-{{E}}}uropean languages},
	year = {1998}
}

@collection{macauley1992b,
	address = {Cambridge},
	booktitle = {The {C}eltic languages},
	date-added = {2016-05-26 16:12:19 +0000},
	date-modified = {2016-05-27 15:40:54 +0000},
	editor = {Donald MacAulay},
	publisher = {Cambridge University Press},
	series = {Cambridge Language Surveys},
	title = {The {C}eltic languages},
	year = {1992}
}

@collection{kibort-etal2010,
	address = {Oxford},
	booktitle = {Features},
	date-added = {2010-06-25 10:36:12 +0200},
	date-modified = {2014-12-01 14:47:27 +0000},
	editor = {Kibort, Anna and Corbett, Greville G.},
	keywords = {Typology;Syntax;Morphology},
	publisher = {Oxford University Press},
	subtitle = {Perspectives on a Key Notion in Linguistics},
	title = {Features},
	year = {2010}
}

@collection{johansonEtAl1998a,
	address = {London},
	booktitle = {The {T}urkic languages},
	date-added = {2016-09-22 07:20:24 +0000},
	date-modified = {2016-09-22 07:21:04 +0000},
	editor = {Johanson, Lars and Csató, Éva Ágnes},
	publisher = {Routledge},
	series = {Routledge Language Family Series},
	title = {The {T}urkic languages},
	year = {1998}
}

@collection{jarceva1997,
	address = {Moskva},
	booktitle = {Jazyki {R}ossijskoj {F}ederacii i sosednich gosudarstv},
	date-added = {2016-05-28 10:00:45 +0000},
	date-modified = {2016-05-28 10:02:08 +0000},
	editor = {Jarceva, Viktorija N.},
	publisher = {Nauka},
	subtitle = {{\.E}nciklopedija v trech tomach},
	title = {Jazyki {R}ossijskoj {F}ederacii i sosednich gosudarstv},
	volume = {1},
	year = {1997}
}

@collection{janhunen2003a,
	address = {London},
	booktitle = {The {M}ongolic languages},
	date-added = {2016-05-26 16:08:07 +0000},
	date-modified = {2016-09-22 07:23:15 +0000},
	editor = {Janhunen, Juha},
	publisher = {Routledge},
	series = {Routledge Language Family Series},
	title = {The {M}ongolic languages},
	year = {2003}
}

@collection{gamzatov2000,
	address = {Machačkala},
	booktitle = {Jazyki {D}agestana},
	date-added = {2016-05-28 10:08:42 +0000},
	date-modified = {2016-05-28 10:09:16 +0000},
	editor = {Gamzatov, Gadži G.},
	number = {1},
	publisher = {IJALII},
	series = {Jazyki narodov Rossii},
	title = {Jazyki {D}agestana},
	year = {2000}
}

@collection{booijETAL2000a,
	address = {Berlin},
	booktitle = {Morphology},
	date-added = {2016-03-22 16:33:10 +0000},
	date-modified = {2016-03-22 16:33:26 +0000},
	editor = {Booij, Geert and Christian Lehmann and Joachim Mugdan and Stavros Skopeteas},
	number = {17},
	publisher = {Mouton de Gruyter},
	series = {Handbücher zur Sprach- und Kommunikationswissenschaft},
	subtitle = {An international handbook on inflection and word-formation},
	title = {Morphology},
	year = {1999}
}

@collection{alpatovEtAl1997a,
	abstract = {ЯХОНТОВА, НАТАЛИЯ СЕРГЕЕВНА},
	address = {Moskva},
	booktitle = {{Mongol}'skie jazyki. {T}unguso-man'\-čžur\-skie jazyki. {J}aponskij jazyk. {K}orejskij jazyk},
	date-added = {2016-03-22 16:35:02 +0000},
	date-modified = {2016-09-22 07:09:51 +0000},
	editor = {Vladimir M. Alpatov and Igor' V. Kormušin and Grigorij C. Pjurbeev and Ol'ga I. Romanova},
	publisher = {Indrik},
	series = {Jazyki mira},
	title = {{Mongol}'skie jazyki. {T}unguso-man'\-čžur\-skie jazyki. {J}aponskij jazyk. {K}orejskij jazyk},
	year = {1997}
}

@collection{abondolo1998a,
	address = {London},
	booktitle = {The {{U}}ralic languages},
	date-added = {2016-04-08 09:48:54 +0000},
	date-modified = {2016-04-08 09:49:23 +0000},
	editor = {Abondolo, Daniel},
	publisher = {Routledge},
	series = {Routledge Language Family Series},
	title = {The {{U}}ralic languages},
	year = {1998}
}

@collection{AUTOTYP,
	booktitle = {Autotyp},
	date-added = {2009-04-19 12:21:38 +0200},
	date-modified = {2016-09-21 15:17:01 +0000},
	editor = {Bickel, Balthasar and Nichols, Johanna},
	lastchecked = {2016-07-19},
	publisher = {Universität Zürich},
	subtitle = {An international network of typological linguistic databases},
	title = {Autotyp},
	url = {http://www.autotyp.uzh.ch/},
	year = {2001--2016}
}

@book{zuniga2000,
	address = {München},
	author = {Zúñiga, Fernando},
	date-added = {2010-01-04 16:21:14 +0100},
	date-modified = {2016-05-25 15:10:10 +0000},
	keywords = {Language description},
	number = {376},
	publisher = {LINCOM Europa},
	series = {Languages of the World\slash{}Materials},
	sortname = {Zuniga, Fernando},
	title = {Mapudungun},
	year = {2000}
}

@book{zirkov1955,
	address = {Moskva},
	author = {Žirkov, Lev I.},
	date-added = {2009-06-11 14:48:06 +0200},
	date-modified = {2016-03-22 16:41:29 +0000},
	keywords = {Caucasus;Europe;Language description},
	publisher = {Nauka},
	sortname = {Zirkov, Lev I.},
	subtitle = {Fonetika i morfologija},
	title = {Lakskij jazyk},
	year = {1955}
}

@book{zavodova1964,
	address = {Moskva},
	author = {Zavodova, Raisa A. and Koljadenkov, Michail N.},
	date-added = {2008-07-27 12:18:52 +0200},
	date-modified = {2016-05-25 15:05:42 +0000},
	keywords = {Language description;Uralic;Mordvin},
	publisher = {Nauka},
	sortname = {Zavodova, Raisa A. and Koljadenkov, Michail N.},
	title = {Grammatika mordovskich (mokšanskogo i {\. {E}}rzjanskogo) jazykov},
	year = {1964}
}

@book{zajkov1999,
	address = {Petrozavodsk},
	author = {Zajkov, Petr M.},
	author-translation = {Petr Mefodievič Zajkov},
	call-number = {MR (copy)},
	date-added = {2009-12-22 13:01:17 +0100},
	date-modified = {2009-12-22 13:02:01 +0100},
	keywords = {Language description;Uralic},
	lid = {Karelian},
	publisher = {Periodika},
	sortname = {Zajkov, Petr M.},
	title = {{Grammatika karel'skogo jazyka (fonetika i morfologija)}},
	year = {1999}
}

@book{wolff1993,
	address = {Münster},
	author = {Wolff, Ekkehard H.},
	call-number = {MR},
	date-added = {2009-12-23 17:55:39 +0100},
	date-modified = {2016-05-25 15:08:09 +0000},
	number = {2},
	publisher = {Lit},
	series = {Hamburger Beiträge zur Afrikanistik},
	sortname = {Wolff, Ekkehard H.},
	subtitle = {Zur {B}egleitung des {F}remdsprachenunterrichts und zur {E}inführung in das {S}elbststudium},
	title = {Referenzgrammatik des {H}ausa},
	year = {1993}
}

@book{winkler2001,
	address = {München},
	author = {Winkler, Eberhard},
	call-number = {MR},
	date-added = {2007-07-18 22:20:51 +0200},
	date-modified = {2016-05-25 15:10:27 +0000},
	keywords = {Language description; Udmurt},
	number = {212},
	publisher = {LINCOM Europa},
	series = {Languages of the World\slash{}Materials},
	title = {Udmurt},
	year = {2001}
}

@book{wilbur2014a,
	address = {Berlin},
	author = {Joshua Wilbur},
	date-added = {2016-03-26 12:26:07 +0000},
	date-modified = {2016-03-30 11:36:04 +0000},
	doi = {10.17169/langsci.b17.34},
	number = {5},
	publisher = {Language Science Press},
	series = {Studies in Diversity Linguistics},
	title = {A grammar of {P}ite {S}aami},
	year = {2014}
}

@book{wetzer1996,
	abstract = {Noun phrase},
	address = {Berlin},
	author = {Wetzer, Harrie},
	bib = {Diss},
	call-number = {MR},
	date-added = {2008-07-27 12:18:52 +0200},
	date-modified = {2014-11-28 11:10:50 +0000},
	keywords = {Adjective;Parts of speech;Predication},
	number = {17},
	publisher = {Mouton de Gruyter},
	series = {Empirical Approaches to Language Typology},
	title = {The Typology of Adjectival Predication},
	year = {1996}
}

@book{walsOnline2013,
	address = {Leipzig},
	booktitle = {The World Atlas of Language Structures Online},
	date-added = {2016-02-02 19:09:27 +0000},
	date-modified = {2016-02-02 19:09:27 +0000},
	editor = {Matthew S. Dryer and Martin Haspelmath},
	keywords = {Typology},
	publisher = {Max Planck Institute for Evolutionary Anthropology},
	sortname = {Matthew S. Dryer and Martin Haspelmath},
	title = {The World Atlas of Language Structures Online},
	url = {http://wals.info/},
	urldate = {2016-01-28},
	year = {2013}
}

@book{van-den-berg1995,
	address = {München},
	author = {{van den Berg}, Helma},
	date-added = {2009-06-11 10:40:24 +0200},
	date-modified = {2010-01-04 17:41:06 +0100},
	keywords = {Language description;Caucasus;Europe},
	number = {1},
	publisher = {LINCOM Europa},
	series = {LINCOM Studies in Caucasian Linguistics},
	title = {A grammar of {H}unzib (with texts and lexicon)},
	year = {1995}
}

@book{vajda2004,
	abstract = {Abstract: Ket is the only surviving member of the formerly widespread Yeniseic family and one of the world's more intriguing language isolates. Its phonology, vocabulary, and grammar differ strikingly from the surrounding families. A system of five phonemic tones, apparently derived from simplified consonant articulations, mark the beginning of each phonological word. Agreement-related inflections reflect a tripartite noun-class division based on animacy and gender. The polysynthetic verb contains ten position classes and involves a variety of distinct agreement patterns: active/inactive, ergative/absolutive, nominative/accusative, and two that employ redundant subject markers. Each stem selects one of these strategies as part of its lexical makeup. The co-indexed subject and object NPs are zero-marked regardless of the verb's agreement type. Incorporation affects certain intransitive subjects, as well as objects, instruments, and directional adverbs. Important derivational categories include event number (punctual vs. iterative) and transitivity, with transitive and intransitive stems normally differing in some formal way. Causatives, inceptives, and even infinitives are distinct lexemes rather than grammatical forms of another stem. The only verbal inflectional categories are tense (past/non-past), mood (indicative/imperative), and agreement in person, class, and number with at most two grammatical terms. Particles convey other temporal and modal nuances. Most morphemes are roots or grammatical inflections. With so few derivational affixes, compounding is the most prevalent technique of lexeme creation. Redundant inflections also play a role in stem formation. This is manifested most obviously in the verb, but occurs in the noun too. Despite its isolate status, Ket shares certain areal features with its Uralic, Turkic, and Tungusic neighbors. These include a nominal paradigm containing a dozen cases and a propensity to use postpositions or case suffixes as clausal subordinators. Ket is spoken today by a few hundred of the 1,200 Ket people, mainly in remote areas near the Yenisei River in the Turukhansk District of Russia's Krasnoyarsk Province. Most speakers are adults who know Russian fluently too. This book contains the first full-length description of Ket to appear in English. It covers all aspects of the phonology, morphology and syntax of Southern Ket (the dialect with the most speakers), and briefly discusses the traditional culture and its characteristic vocabulary. Also included is a previously unpublished folktale with interlinear morpheme glosses and an English translation.},
	address = {München},
	author = {Edward J. Vajda},
	bib = {Diss},
	call-number = {MR (copy)},
	date-added = {2008-07-27 12:18:52 +0200},
	date-modified = {2008-09-19 13:00:39 +0200},
	keywords = {Language description;Northern Eurasia},
	lid = {Ket},
	number = {2004},
	publisher = {LINCOM Europa},
	series = {Languages of the World\slash{}Materials},
	sortname = {Edward J. Vajda},
	title = {Ket},
	year = {2004}
}

@book{ubratova1985,
	address = {Novosibirsk},
	author = {Ubrjatova, Elizaveta I.},
	date-added = {2009-06-12 10:14:15 +0200},
	date-modified = {2011-01-31 16:23:23 +0100},
	keywords = {Language description;Turkic;Northern Eurasia;Siberia},
	publisher = {Nauka},
	sortname = {Ubrjatova, Elizaveta I.},
	title = {{Jazyk noril'skich dolgan}},
	year = {1985}
}

@book{tuite1998,
	address = {München},
	author = {Tuite, Kevin},
	date-added = {2009-06-08 18:52:06 +0200},
	date-modified = {2016-03-22 17:06:59 +0000},
	keywords = {Noun phrase;Syntax;Morphology;Caucasus;Europe;Historical linguistics},
	number = {12},
	publisher = {LINCOM Europa},
	series = {LINCOM Studies in Caucasian Linguistics},
	subtitle = {Number agreement and morphosyntactic orientation in the {S}outh {C}aucasian languages},
	title = {Kartvelian morphosyntax},
	year = {1998}
}

@book{tuite1997,
	address = {München},
	author = {Tuite, Kevin},
	date-added = {2009-06-11 11:10:22 +0200},
	date-modified = {2010-02-15 12:39:02 +0100},
	keywords = {Language description;Caucasus;Europe},
	number = {139},
	publisher = {LINCOM Europa},
	series = {Languages of the World\slash{}Materials},
	title = {Svan},
	year = {1997}
}

@book{tucker1995,
	address = {Berlin},
	author = {Tucker, Childs G.},
	date-added = {2009-06-19 13:57:10 +0200},
	date-modified = {2016-03-22 17:01:54 +0000},
	number = {16},
	publisher = {Mouton de Gruyter},
	series = {Mouton Grammar Library},
	sortname = {Tucker, Childs G.},
	subtitle = {A {S}outhern {A}tlantic language},
	title = {A grammar of {K}isi},
	year = {1995}
}

@book{torrego1998,
	address = {Madrid},
	author = {Torrego, Leonardo Gómez},
	call-number = {MR},
	date-added = {2009-12-23 17:06:06 +0100},
	date-modified = {2011-01-31 16:22:48 +0100},
	publisher = {SM},
	sortname = {Torrego, Leonardo Gomez},
	title = {{Gramática didáctica del Español}},
	year = {1998}
}

@book{tiersma1985,
	address = {Dordrecht},
	author = {Tiersma, Peter Meijes},
	date-added = {2009-12-23 16:43:29 +0100},
	date-modified = {2009-12-23 16:44:24 +0100},
	publisher = {Foris},
	title = {{Frisian} reference grammar},
	year = {1985}
}

@book{tenser2005,
	address = {München},
	author = {Tenser, Anton},
	date-added = {2009-12-23 15:44:30 +0100},
	date-modified = {2016-05-28 08:12:59 +0000},
	number = {452},
	publisher = {LINCOM Europa},
	series = {Languages of the World\slash{}Materials},
	title = {Lithuanian {R}omani},
	year = {2005}
}

@book{tauli1966,
	address = {Bloomington},
	author = {Tauli, Valter},
	call-number = {MR (copy)},
	date-added = {2009-05-11 12:35:26 +0200},
	date-modified = {2014-11-28 10:17:54 +0000},
	keywords = {Uralic;Historical linguistics},
	number = {17},
	publisher = {Indiana University},
	series = {Uralic and Altaic Series},
	title = {Structural Tendencies in {{U}}ralic Languages},
	year = {1966}
}

@book{svonni2009a,
	address = {Tromsø},
	author = {Svonni, Mikael},
	call-number = {MR (PDF)},
	date-added = {2016-03-27 16:08:04 +0000},
	date-modified = {2016-03-27 16:08:04 +0000},
	keywords = {Language description,Saamic linguistics,North Saami},
	publisher = {Universitetet i Tromsø},
	subtitle = {Kompendium},
	title = {Samisk grammatik},
	year = {2009}
}

@book{sunik1985,
	abstract = {Sunik, Orest Petrovič},
	address = {Leningrad},
	author = {Sunik, Orest P.},
	date-added = {2009-06-12 14:08:34 +0200},
	date-modified = {2016-03-22 16:55:09 +0000},
	keywords = {Language description;Tungusic;Northern Eurasia},
	publisher = {Nauka},
	sortname = {Sunik, Orest P.},
	subtitle = {Issledovanija i materialy},
	title = {Ul'čskij jazyk},
	year = {1985}
}

@book{stroomer1995,
	address = {Köln},
	author = {Harry Stroomer},
	bib = {Diss},
	date-added = {2008-09-18 15:54:27 +0200},
	date-modified = {2009-06-19 13:45:33 +0200},
	keywords = {Language description},
	number = {11},
	publisher = {Köppe},
	series = {Cushitic Language Studies},
	title = {A grammar of {B}oraane {O}romo ({K}enya)},
	year = {1995}
}

@book{spiik1989,
	address = {Jokkmokk},
	author = {Spiik, Nils Eric},
	date-added = {2008-07-27 12:18:52 +0200},
	date-modified = {2016-05-28 08:17:26 +0000},
	edition = {2},
	publisher = {Sameskolstyrelsen},
	title = {Lulesamisk grammatik},
	year = {1989}
}

@book{sorokina2010a,
	address = {Saint Petersburg},
	author = {Sorokina, Irina P.},
	date-added = {2016-06-17 07:24:46 +0000},
	date-modified = {2016-06-17 07:25:04 +0000},
	publisher = {Nauka},
	sortname = {Sorokina, Irina P.},
	title = {\. {E}neckij jazyk},
	year = {2010}
}

@book{skorik1960,
	address = {Moskva},
	author = {Petr Ja. Skorik},
	date-added = {2008-09-20 18:30:59 +0200},
	date-modified = {2016-03-22 16:42:10 +0000},
	keywords = {Language description;Northern Eurasia},
	publisher = {Nauka},
	sortname = {Petr Ja. Skorik},
	subtitle = {Fonetika i morfologija imennych častej reči},
	title = {Grammatika čukotskogo jazyka},
	year = {1960}
}

@book{siraliev-etal1971,
	address = {Baku},
	author = {Širaliev, M. Š. and Sevort'an, {\.E}. V.},
	date-added = {2009-06-12 10:43:06 +0200},
	date-modified = {2010-07-19 12:12:56 +0200},
	keywords = {Language description;Turkic;Northern Eurasia},
	lid = {Azerbaijani},
	publisher = {{\.E}lm},
	sortname = {Siraliev, M. S. and Sevort'an, {\.E}. V.},
	title = {{Grammatika azerbajdžanskogo jazyka (fonetika, morfologija i sintaksis)}},
	year = {1971}
}

@book{siegl2013a,
	address = {Helsinki},
	author = {Siegl, Florian},
	date-added = {2016-06-16 13:38:41 +0000},
	date-modified = {2016-06-16 13:38:58 +0000},
	number = {267},
	publisher = {Suomalais-Ugrilainen Seura},
	series = {Suomalais-Ugrilaisen Seuran Toimituksia},
	title = {Materials on {F}orest {{E}}nets, an indigenous language of northern {S}iberia},
	year = {2013}
}

@book{serebrennikov1963,
	address = {Moskva},
	author = {Serebrennikov, Boris A.},
	date-added = {2008-07-27 12:18:52 +0200},
	date-modified = {2009-10-30 14:38:48 +0100},
	keywords = {Uralic;Historical linguistics;Morphology},
	publisher = {Nauka},
	sortname = {Serebrennikov, Boris A.},
	title = {{Istoričeskaja morfologija permskich jazykov}},
	year = {1963}
}

@book{seegmiller1996,
	address = {München},
	author = {Seegmiller, Steve},
	date-added = {2009-06-11 16:17:27 +0200},
	date-modified = {2009-06-11 16:18:32 +0200},
	keywords = {Language description;Turkic;Northern Eurasia},
	number = {109},
	publisher = {Lincom Europa},
	series = {Languages of the World\slash{}Materials},
	title = {{Karachay}},
	year = {1996}
}

@book{schulze2000,
	address = {München},
	author = {Schulze, Wolfgang},
	date-added = {2009-01-29 20:01:17 +0100},
	date-modified = {2016-05-28 09:49:24 +0000},
	number = {380},
	publisher = {Lincom Europa},
	series = {Languages of the World\slash{}Materials},
	title = {{Northern} {T}alysh},
	year = {2000}
}

@book{schulze1997,
	address = {München},
	author = {Wolfgang Schulze},
	date-added = {2009-06-11 11:03:47 +0200},
	date-modified = {2016-05-28 09:49:33 +0000},
	number = {133},
	publisher = {LINCOM Europa},
	series = {Languages of the World\slash{}Materials},
	title = {Tsakhur},
	year = {1997}
}

@book{schaub1985,
	address = {London},
	author = {Schaub, Willi},
	date-added = {2009-06-19 14:00:32 +0200},
	date-modified = {2009-06-19 14:01:09 +0200},
	publisher = {Croom Helm},
	title = {Babungo},
	year = {1985}
}

@book{schanen-etal2006,
	address = {Esch-sur-Alzette},
	author = {Schanen, Fran{\c c}ois and Zimmer, Jacqui},
	date-added = {2009-12-23 16:53:12 +0100},
	date-modified = {2010-01-04 17:12:35 +0100},
	keywords = {Language description;Indoeuropean;Europe},
	publisher = {Schortgen},
	sortname = {Schanen, Fran{\c c}ois and Zimmer, Jacqui},
	title = {{Lëtzebuergesch Grammaire}},
	volume = {1-3},
	year = {2005-2006}
}

@book{schafer2015a,
	address = {Berlin},
	author = {Roland Schäfer},
	date-added = {2016-03-26 13:55:44 +0000},
	date-modified = {2016-09-12 13:49:19 +0000},
	doi = {10.17169/langsci.b17.34},
	number = {2},
	publisher = {Language Science Press},
	series = {Textbooks in Language Sciences},
	sortname = {Roland Schafer},
	title = {Einführung in die grammatische {B}eschreibung des {D}eutschen},
	year = {2015}
}

@book{schackow2015a,
	address = {Berlin},
	author = {Diana Schackow},
	date-added = {2016-03-26 12:23:14 +0000},
	date-modified = {2016-03-26 12:25:41 +0000},
	doi = {10.17169/langsci.b66.106},
	number = {7},
	publisher = {Language Science Press},
	series = {Studies in Diversity Linguistics},
	title = {A grammar of {Y}akkha},
	year = {2015}
}

@book{schaarschmidt2004,
	address = {München},
	author = {Gunter Schaarschmidt},
	date-added = {2009-12-23 16:03:39 +0100},
	date-modified = {2016-05-28 08:18:54 +0000},
	number = {160},
	publisher = {LINCOM Europa},
	series = {Languages of the World\slash{}Materials},
	title = {Upper {S}orbian},
	year = {2004}
}

@book{sauman1941,
	address = {Moskva},
	author = {Šaumjan, R. M.},
	date-added = {2009-06-11 13:35:34 +0200},
	date-modified = {2016-04-08 10:06:20 +0000},
	keywords = {Caucasus;Language description;Europe},
	number = {2},
	publisher = {Nauka},
	series = {Caucasica},
	sortname = {Saumjan, R. M.},
	subtitle = {S tekstami i slovarem},
	title = {Grammatičeskij očerk agul'skogo jazyka},
	year = {1941}
}

@book{saul-etal1980,
	address = {Dallas},
	author = {Saul, Janice E. and Freiberger Wilson, Nancy},
	date-added = {2009-06-19 13:36:56 +0200},
	date-modified = {2009-06-19 13:38:40 +0200},
	number = {62},
	publisher = {SIL},
	series = {Summer Institute of Linguistics Publications in Linguistics},
	sortname = {Saul, Janice E. and Freiberger Wilson, Nancy},
	title = {Nung grammar},
	year = {1980}
}

@book{sasse1991,
	address = {Wiesbaden},
	author = {Sasse, Hans-Jürgen},
	bib = {Diss},
	date-added = {2008-07-27 12:18:52 +0200},
	date-modified = {2016-09-12 13:48:55 +0000},
	keywords = {Language description},
	publisher = {Harrassowitz},
	sortname = {Sasse, Hans-Jurgen},
	subtitle = {Die albanischen {S}prachreste in {G}riechenland},
	title = {Arvanitika},
	volume = {1},
	year = {1991}
}

@book{sammallahti1998b,
	address = {Kárášjohka},
	author = {Pekka Sammallahti},
	date-added = {2007-06-26 11:47:06 +0200},
	date-modified = {2016-03-22 17:06:39 +0000},
	publisher = {Davvi Girji},
	subtitle = {An introduction},
	title = {The {S}aami languages},
	year = {1998}
}

@book{saltarelli1988,
	address = {London},
	author = {Mario Saltarelli},
	date-added = {2008-09-20 22:40:33 +0200},
	date-modified = {2008-09-20 22:41:40 +0200},
	keywords = {Language description;Northern Eurasia},
	publisher = {Croom Helm},
	series = {Croom Helm Descriptive Grammars},
	title = {{Basque}},
	year = {1988}
}

@book{sajceva1981,
	address = {Leningrad},
	author = {Zajceva, Marija I.},
	date-added = {2009-12-23 16:35:00 +0100},
	date-modified = {2016-03-22 16:52:11 +0000},
	publisher = {Nauka},
	sortname = {Zajceva, Marija I.},
	subtitle = {Fonetika i morfologija},
	title = {Grammatika vepsskogo jazyka},
	year = {1981}
}

@book{ruge1986,
	address = {Köln},
	author = {Ruge, Hans},
	date-added = {2008-07-27 12:18:52 +0200},
	date-modified = {2016-09-12 13:47:53 +0000},
	publisher = {Romiosini},
	subtitle = {Lautlehre, {F}ormenlehre, {S}yntax},
	title = {Grammatik des {N}eugriechischen},
	year = {1986}
}

@book{robbeetsEtAl2013a,
	address = {Amsterdam},
	author = {Martine Robbeets and Hubert Cuyckens},
	date-added = {2016-09-09 15:36:30 +0000},
	date-modified = {2016-09-09 15:38:56 +0000},
	number = {132},
	publisher = {John Benjamins},
	series = {Studies in Language Companion Series},
	subtitle = {With special focus on the {T}ranseurasian languages},
	title = {Shared grammaticalization},
	year = {2013}
}

@book{ringgaard1960,
	address = {Aarhus},
	author = {Ringgaard, Kristian},
	date-added = {2008-07-27 12:18:52 +0200},
	date-modified = {2009-10-27 09:53:37 +0100},
	keywords = {Phonology;North Germanic},
	lid = {Danish;Jutlandic},
	publisher = {Universitetsforlaget},
	title = {{Vestjysk st{ø}d}},
	year = {1960}
}

@book{ringe2006,
	address = {Oxford},
	author = {Ringe, Don},
	date-added = {2007-11-01 14:40:25 +0100},
	date-modified = {2010-02-15 11:35:29 +0100},
	keywords = {Historical linguistics; Indoeuropean; Germanic},
	publisher = {Oxford University Press},
	title = {{From {Proto-{Indo}-European} to Proto-Germanic}},
	volume = {1: A Linguistic History of English},
	year = {2006}
}

@book{rijkhoff2002,
	address = {Oxford},
	author = {Jan Rijkhoff},
	bib = {Diss},
	call-number = {MR},
	date-added = {2008-07-27 12:18:52 +0200},
	date-modified = {2009-11-10 16:43:51 +0100},
	keywords = {Noun phrase;Syntax;Typology;Attribution},
	publisher = {Oxford University Press},
	series = {Oxford studies in typology and linguistic theory},
	title = {The noun phrase},
	year = {2002}
}

@book{riese2001,
	abstract = {The Vogul language (endogenous name: Mansi) is spoken by approximately 3.000 speakers in northwestern Siberia. Together with Ostyak, it forms the Ob-Ugrian branch of the Finno-Ugrian language family and is generally considered to be closest relative of Hungarian. In the introductory section general information on the Vogul people and their sociolinguistic situation is given. The dialect described in the following sections on Vogul phonology, morphology, and syntax is the Northern one, spoken by the greatest majority of modern Voguls and forming the basis for the literary language. Vogul is in the most respects a typical agglutinative language and its grammar is relatively straightforward, i.e. unencumbered with major rules of inflection. In this study particular care is taken to place (Northern) Vogul in a general Finno-Ugrian and a complete Vogul context. This means that although the major emphasis lies on the synchronic description of (Northern) Vogul, the discussion is supplemented by observations of a historical nature to show to which extent (Northern) Vogul has adhered to general Finno-Ugrian patterns and to which extent it has diverged both from the related languages and other Vogul dialects. This study closes with a (Northern) Vogul folklore text with an interlinear transcription and translation. (2nd printing)},
	address = {München},
	author = {Riese, Timothy},
	date-added = {2008-07-27 12:18:52 +0200},
	date-modified = {2009-06-11 09:58:01 +0200},
	keywords = {Language description;Uralic},
	number = {158},
	publisher = {LINCOM Europa},
	series = {Languages of the World\slash{}Materials},
	title = {Vogul ({M}ansi)},
	year = {2003}
}

@book{reh1985,
	address = {Berlin},
	author = {Reh, Mechthild},
	date-added = {2009-06-19 14:01:22 +0200},
	date-modified = {2016-09-12 13:46:57 +0000},
	publisher = {Reimer},
	subtitle = {Beschreibung, {T}exte, {W}örterverzeichnis},
	title = {Die {{K}rongo-{S}}prache ({N}ı̀in{\`o} {M}ó-dı̀)},
	year = {1985}
}

@book{refsing1986,
	address = {Aarhus},
	author = {Kirsten Refsing},
	date-added = {2008-09-20 15:48:36 +0200},
	date-modified = {2016-03-22 16:55:24 +0000},
	keywords = {Language description},
	publisher = {University Press},
	subtitle = {The morphology and syntax of the {S}hizunai dialect},
	title = {The {A}inu language},
	year = {1986}
}

@book{reese2006,
	address = {München},
	author = {Reese, Johannes},
	date-added = {2009-12-22 11:58:58 +0100},
	date-modified = {2016-05-28 08:19:14 +0000},
	number = {462},
	publisher = {LINCOM Europa},
	series = {Languages of the World\slash{}Materials},
	subtitle = {The modern {A}lemannic vernacular in and around {Z}urich},
	title = {{Swiss} {G}erman},
	year = {2006}
}

@book{rastorgueva1963,
	abstract = {Вера Сергеевна Расторгуева},
	address = {Bloomington},
	author = {Rastorgueva, Vera S. and Paper, Herbert H.},
	bib = {Diss},
	date-added = {2009-01-27 16:58:41 +0200},
	date-modified = {2014-11-28 10:15:14 +0000},
	keywords = {Language description},
	number = {28},
	publisher = {Indiana University},
	series = {Publications / Research Center in Anthropology, Folklore and Linguistics},
	sortname = {Rastorgueva, Vera S. and Paper, Herbert H.},
	title = {A short sketch of {T}ajik grammar},
	year = {1963}
}

@book{qvigstad1893,
	address = {Christiania},
	author = {Qvigstad, Just Knud},
	bib = {LWT},
	call-number = {MR (copy)},
	date-modified = {2008-07-26 15:35:05 +0200},
	number = {1},
	publisher = {Christiania Videnskabs-Selskab},
	series = {Christiania Videnskabs-Selskabs Forhandlinger for 1893},
	title = {Nordische {L}ehnwörter im {L}appischen},
	year = {1893}
}

@book{pustet1989,
	address = {Frankfurt am Main},
	author = {Pustet, Regina},
	bib = {Diss},
	call-number = {MR (copy)},
	date-added = {2008-07-27 12:18:52 +0200},
	date-modified = {2010-07-19 11:24:10 +0200},
	keywords = {Noun phrase;Adjective;Parts of speech;Attribution},
	number = {7},
	publisher = {Peter Lang},
	series = {Continuum. Schriftenreihe zur Linguistik},
	title = {{Die Morphosyntax des ``Adjektivs'' im Sprachvergleich}},
	year = {1989}
}

@book{press2005,
	address = {München},
	author = {Ian Press},
	date-added = {2009-12-23 15:50:29 +0100},
	date-modified = {2016-05-28 08:19:48 +0000},
	number = {439},
	publisher = {LINCOM Europa},
	series = {Languages of the World\slash{}Materials},
	title = {Standard {L}ithuanian},
	year = {2005}
}

@book{posner1996,
	address = {Cambridge},
	author = {Rebecca Posner},
	date-added = {2008-09-16 11:07:37 +0200},
	date-modified = {2016-05-28 08:21:07 +0000},
	keywords = {Historical linguistics},
	publisher = {Cambridge University Press},
	series = {Cambridge Language Surveys},
	title = {The {R}omance languages},
	year = {1996}
}

@book{poppe1964,
	address = {Bloomington},
	author = {Poppe, Nicholas},
	date-added = {2009-06-11 16:23:33 +0200},
	date-modified = {2014-11-28 10:10:59 +0000},
	keywords = {Language description;Turkic},
	number = {36},
	publisher = {Indiana University},
	series = {Uralic and Altaic Series},
	subtitle = {Descriptive grammar and texts with a {B}ashkir-{E}nglish glossary},
	title = {Bashkir manual},
	year = {1964}
}

@book{poppe1963,
	address = {Bloomington},
	author = {Poppe, Nicholas},
	date-added = {2009-06-11 16:35:49 +0200},
	date-modified = {2016-03-22 16:42:48 +0000},
	keywords = {Language description;Turkic},
	number = {25},
	publisher = {Indiana University},
	series = {Uralic and Altaic Series},
	subtitle = {Descriptive grammar and texts with a {T}atar-{E}nglish glossary},
	title = {Tatar manual},
	year = {1963}
}

@book{phillips2004,
	address = {München},
	author = {John D. Phillips},
	date-added = {2009-12-23 16:00:27 +0100},
	date-modified = {2016-05-28 08:21:51 +0000},
	number = {434},
	publisher = {LINCOM Europa},
	series = {Languages of the World\slash{}Materials},
	sortname = {John D. Phillips},
	title = {{Manx} grammar},
	year = {2004}
}

@book{petrova1967,
	address = {Leningrad},
	author = {Petrova, Taisija I.},
	author-translation = {Taisija Ivanovna Petrova},
	date-added = {2009-06-12 14:32:56 +0200},
	date-modified = {2010-02-15 10:41:44 +0100},
	keywords = {Language description;Tungusic;Northern Eurasia;Siberia},
	publisher = {Nauka},
	sortname = {Petrova, Taisija I.},
	title = {{Jazyk orokov (ul'ta)}},
	year = {1967}
}

@book{perez-bouza1996,
	address = {München},
	author = {Pérez Bouza, José A.},
	date-added = {2009-12-23 16:44:53 +0100},
	date-modified = {2009-12-23 16:46:16 +0100},
	number = {70},
	publisher = {LINCOM Europa},
	series = {Languages of the World\slash{}Materials},
	sortname = {Perez Bouza, Jose A.},
	title = {{El Gallego}},
	year = {1996}
}

@book{panfilov1965,
	address = {Moskva},
	author = {Panfilov, Vladimir Z.},
	author-translation = {Vladimir Zinovevič Panfilov},
	date-added = {2009-10-26 12:33:48 +0100},
	date-modified = {2010-02-15 10:29:07 +0100},
	keywords = {Language description},
	publisher = {Nauka},
	sortname = {Panfilov, Vladimir Z.},
	title = {Grammatika nivchskogo jazyka},
	volume = {2},
	year = {1965}
}

@book{osborne1974,
	address = {Canberra},
	author = {Osborne, Charles R.},
	date-added = {2009-06-22 11:42:48 +0200},
	date-modified = {2010-07-19 11:19:47 +0200},
	keywords = {Language description},
	number = {55},
	publisher = {Australian Institute for Aboriginal Studies},
	series = {Australian Aboriginal Studies},
	sortname = {Osborne, Charles R.},
	title = {The {T}iwi language},
	year = {1974}
}

@book{ortmann2002b,
	address = {Tübingen},
	author = {Ortmann, Albert},
	date-added = {2008-07-27 12:18:52 +0200},
	date-modified = {2016-03-21 15:47:43 +0000},
	keywords = {Attribution; Noun phrase; Morphology},
	number = {458},
	publisher = {Niemeyer},
	series = {Linguistische Arbeiten},
	subtitle = {Schnittstellen und {{\"O}}konomie},
	title = {Kategorien des {N}omens},
	year = {2002}
}

@book{olthuis2000,
	address = {Inari},
	author = {Olthuis, Marja-Liisa},
	date-added = {2009-12-23 16:22:24 +0100},
	date-modified = {2009-12-23 16:23:32 +0100},
	keywords = {Saami linguistics;Language description},
	publisher = {Sämitigge},
	title = {{Kiel}{\^a}opp{\^a}},
	year = {2000}
}

@book{noonan1992,
	address = {Berlin},
	author = {Noonan, Michael},
	date-added = {2009-06-19 13:18:53 +0200},
	date-modified = {2009-06-19 13:20:07 +0200},
	number = {7},
	publisher = {Mouton de Gruyter},
	series = {Mouton Grammar Library},
	title = {A grammar of {L}ongo},
	year = {1992}
}

@book{nikolaeva2014a,
	address = {Berlin},
	author = {Nikolaeva, Irina},
	date-added = {2016-09-18 11:42:15 +0000},
	date-modified = {2016-09-18 11:43:06 +0000},
	number = {65},
	publisher = {De Gruyter Mouton},
	series = {Mouton Grammar Library},
	title = {A grammar of {T}undra {N}enets},
	year = {2014}
}

@book{nikolaeva1999,
	address = {München},
	author = {Nikolaeva, Irina},
	author-translation = {Irina Alekseevna Nikolaeva},
	date-added = {2009-06-19 13:54:57 +0200},
	date-modified = {2010-02-15 10:17:34 +0100},
	keywords = {Uralic;Language description},
	number = {305},
	publisher = {LINCOM Europa},
	series = {Languages of the World\slash{}Materials},
	title = {Ostyak},
	year = {1999}
}

@book{nikolaeva-etal2001,
	address = {Berlin},
	author = {Nikolaeva, Irina and Tolskaya, Maria},
	author-translation = {Irina Alekseevna Nikolaeva},
	call-number = {MR (copy part)},
	date-added = {2009-06-17 21:05:53 +0200},
	date-modified = {2010-02-15 10:17:01 +0100},
	keywords = {Language description;Tungusic;Northern Eurasia},
	number = {22},
	publisher = {Mouton de Gruyter},
	series = {Mouton Grammar Library},
	title = {A grammar of {{U}}dihe},
	year = {2001}
}

@book{nickel1990,
	address = {Kárášjohka},
	author = {Nickel, Klaus Peter},
	call-number = {MR (copy)},
	date-added = {2008-07-27 12:18:52 +0200},
	date-modified = {2009-12-07 16:15:53 +0100},
	keywords = {Saami linguistics;Language description},
	publisher = {Davvi Girji},
	title = {Samisk grammatikk},
	year = {1996}
}

@book{nichols1992,
	address = {Chicago},
	author = {Nichols, Johanna},
	date-added = {2010-06-23 18:53:34 +0200},
	date-modified = {2010-06-23 18:54:28 +0200},
	keywords = {Historical linguistics;Typology;Areal typology;Northern Eurasia},
	publisher = {University of Chicago Press},
	title = {Linguistic Diversity in Space and Time},
	year = {1992}
}

@book{nedjalkov1997,
	address = {London},
	author = {Nedjalkov, Igor},
	date-added = {2009-06-11 16:59:29 +0200},
	date-modified = {2010-01-05 12:18:06 +0100},
	keywords = {Language description;Tungusic;Northern Eurasia},
	publisher = {Routledge},
	series = {Descriptive grammars},
	title = {Evenki},
	year = {1997}
}

@book{nau1996,
	address = {München},
	author = {Nicole Nau},
	date-added = {2009-12-23 15:49:05 +0100},
	date-modified = {2016-05-28 08:22:10 +0000},
	number = {217},
	publisher = {LINCOM Europa},
	series = {Languages of the World\slash{}Materials},
	title = {Latvian},
	year = {1996}
}

@book{nagayama2003,
	address = {Osaka},
	author = {Yukari Nagayama},
	date-added = {2008-07-27 12:18:52 +0200},
	date-modified = {2016-04-08 09:33:54 +0000},
	number = {A2/038},
	publisher = {ELPR},
	series = {Endangered Languages of the Pacific Rim Publications Series},
	title = {Grammatical outline of {A}lutor},
	year = {2003}
}

@book{nadzip1971,
	abstract = {Наджип, Эмир Наджипович},
	address = {Moskva},
	author = {Nadžip, {\.E}mir N.},
	date-added = {2010-01-04 16:40:25 +0100},
	date-modified = {2010-07-19 11:16:35 +0200},
	keywords = {Turkic;Northern Eurasia;Language description},
	publisher = {Nauka},
	sortname = {Nadzip, {\.E}mir N.},
	title = {{Sovremennyj ujgurskij jazyk}},
	year = {1991}
}

@book{moseley2002,
	address = {München},
	author = {Christopher Moseley},
	date-added = {2009-12-23 16:07:39 +0100},
	date-modified = {2016-05-28 08:22:32 +0000},
	number = {144},
	publisher = {LINCOM Europa},
	series = {Languages of the World\slash{}Materials},
	title = {Livonian},
	year = {2002}
}

@book{mosel1994,
	address = {München},
	author = {Mosel, Ulrike},
	bib = {Diss},
	call-number = {MR (copy)},
	date-added = {2008-01-07 16:53:41 +0100},
	date-modified = {2009-06-16 21:41:27 +0200},
	keywords = {Language description},
	number = {31},
	publisher = {LINCOM Europa},
	series = {Languages of the World\slash{}Materials},
	title = {{Saliba}},
	year = {1994}
}

@book{mithun-etal1982,
	address = {Brantford},
	author = {Mithun, Marianne and Henry, Reginald},
	date-added = {2010-01-04 16:18:38 +0100},
	date-modified = {2010-01-04 16:20:43 +0100},
	keywords = {Language description},
	publisher = {Woodland Indian Cultural and Educational Centre},
	title = {A {C}ayuga grammar},
	year = {1982}
}

@book{merlan1983,
	address = {Canberra},
	author = {Merlan, Franceska},
	date-added = {2009-06-19 13:40:50 +0200},
	date-modified = {2009-06-19 13:41:57 +0200},
	number = {B:89},
	publisher = {Australian National University},
	series = {Pacific Linguistics},
	title = {Ngalakan grammar, texts, and vocabulary},
	year = {1983}
}

@book{melcuk2006,
	abstract = {Noun phrase: Russian genitive in numeral phrases p.158 Noun phrase: Nominal agreement p.159 syntactic cases vs. semantic cases syntax-morphology interface typology of morphological processes},
	address = {Berlin},
	author = {Mel'čuk, Igor},
	bib = {Diss},
	booktitle = {Aspects of the theory of morphology},
	call-number = {StaBi},
	date-added = {2008-07-27 12:18:52 +0200},
	date-modified = {2016-09-12 13:31:23 +0000},
	editor = {David Beck},
	keywords = {Morphology;Syntax},
	number = {146},
	publisher = {Mouton de Gruyter},
	series = {Trends in Linguistics. Studies and Monographs},
	title = {Aspects of the theory of morphology},
	year = {2006}
}

@book{melcuk1998,
	address = {Moskva},
	author = {Mel'čuk, Igor},
	date-added = {2007-12-02 17:19:27 +0100},
	date-modified = {2016-09-12 13:32:21 +0000},
	maintitle = {Kurs obščej morfologii},
	publisher = {Jazyki Russkoj Kul'tury},
	sortname = {Mel'cuk, Igor},
	title = {Morfologičeskie značenija},
	volume = {2},
	year = {1998}
}

@book{meillet1931,
	address = {Paris},
	author = {Antoine Meillet},
	bib = {Diss},
	date-added = {2008-09-15 15:44:51 +0200},
	date-modified = {2010-01-05 12:13:30 +0100},
	keywords = {Language description},
	lid = {Old Persian},
	publisher = {Honoré Champion},
	title = {{Grammaire du vieux-perse}},
	year = {1931}
}

@book{matras-etal2003,
	address = {München},
	author = {Yaron Matras and Gertrud Reershemius},
	date-added = {2009-12-22 13:41:05 +0100},
	date-modified = {2010-01-05 12:12:18 +0100},
	keywords = {Language description;Indoeuropean;Germanic},
	number = {421},
	publisher = {LINCOM Europa},
	series = {Languages of the World\slash{}Materials},
	title = {{Low {German}}},
	year = {2003}
}

@book{matisoff1973,
	address = {Berkeley},
	author = {Matisoff, James A.},
	date-added = {2009-10-24 22:11:03 +0200},
	date-modified = {2009-10-24 22:12:20 +0200},
	keywords = {language description},
	number = {75},
	publisher = {University of California Press},
	series = {University of California Publications in Linguistics},
	sortname = {Matisoff, James A.},
	title = {The Grammar of {L}ahu},
	year = {1973}
}

@book{maslova2003b,
	address = {Berlin},
	author = {Maslova, Elena},
	author-translation = {Elena Sergeeva Maslova},
	call-number = {MR},
	date-added = {2008-07-27 12:18:52 +0200},
	date-modified = {2010-02-15 10:06:48 +0100},
	keywords = {Language description;Northern Eurasia;Yukagir},
	lid = {Yukaghir},
	number = {27},
	publisher = {Mouton de Gruyter},
	series = {Mouton Grammar Library},
	title = {A grammar of {K}olyma {Y}ukaghir},
	year = {2003}
}

@book{maslova2003a,
	address = {München},
	author = {Maslova, Elena},
	date-added = {2009-05-17 11:34:15 +0200},
	date-modified = {2010-01-05 12:11:55 +0100},
	keywords = {Language description;Yukagir;Northern Eurasia},
	number = {372},
	publisher = {LINCOM Europa},
	series = {Languages of the World\slash{}Materials},
	title = {Tundra {Y}ukaghir},
	year = {2003}
}

@book{masica1991,
	address = {Cambridge},
	author = {Masica, Colin P.},
	bib = {Diss},
	date-added = {2008-09-12 13:54:36 +0200},
	date-modified = {2010-02-15 10:03:54 +0100},
	keywords = {Language description;IE},
	publisher = {Cambridge University Press},
	series = {Cambridge Language Surveys},
	sortname = {Masica, Colin P.},
	title = {The {{{Indo}-Aryan}} languages},
	year = {1991}
}

@book{martin-etal1969,
	address = {New Haven},
	author = {Martin, Samuel E. and Lee, Young-Sook},
	date-added = {2009-06-19 14:05:13 +0200},
	date-modified = {2009-06-19 14:06:23 +0200},
	publisher = {Yale University Press},
	sortname = {Martin, Samuel E. and Lee, Young-Sook},
	title = {Beginning {K}orean},
	year = {1969}
}

@book{margetts1999,
	abstract = {with a grammatical sketch},
	address = {Nijmegen},
	author = {Margetts, Anna},
	bib = {Diss},
	date-added = {2008-07-27 12:18:52 +0200},
	date-modified = {2011-01-31 16:16:27 +0100},
	keywords = {Language description},
	publisher = {Max Planck Institute for Psycholinguistics},
	series = {MPI Series in Psycholinguistics},
	title = {Valence and transitivity in {S}aliba, an {O}ceanic language of {P}apua {N}ew {G}uinea},
	year = {1999}
}

@book{malchukov2000,
	address = {München},
	author = {Malchukov, Andrej L.},
	date-added = {2008-01-07 16:46:47 +0100},
	date-modified = {2016-04-08 09:54:31 +0000},
	number = {3},
	publisher = {LINCOM Europa},
	series = {LINCOM Studies in Language Typology},
	sortname = {Malchukov, Andrej L.},
	subtitle = {Towards a typology},
	title = {Dependency reversal in noun-attributive constructions},
	year = {2000}
}

@book{malchukov1995,
	address = {München},
	author = {Malchukov, Andrej L.},
	call-number = {MR (book copy)},
	date-added = {2009-06-12 13:58:28 +0200},
	date-modified = {2009-10-26 13:40:37 +0100},
	keywords = {Language description;Tungusic;Northern Eurasia},
	number = {12},
	publisher = {LINCOM Europa},
	series = {Languages of the World\slash{}Materials},
	sortname = {Malchukov, Andrej L.},
	title = {Even},
	year = {1995}
}

@book{maiden-etal2000,
	address = {London},
	author = {Maiden, Martin and Cecilia Robustelli},
	date-added = {2010-01-04 16:13:34 +0100},
	date-modified = {2010-01-04 16:15:08 +0100},
	keywords = {Language description;Indoeuropean;Europe},
	publisher = {Edward Arnold},
	title = {A reference grammar of {M}odern {I}talian},
	year = {2000}
}

@book{mahootian1997,
	address = {London},
	author = {Mahootian, Shahrzad},
	date-added = {2007-07-19 04:26:11 +0200},
	date-modified = {2009-03-18 09:55:37 +0200},
	keywords = {Language description; Persian},
	publisher = {Routledge},
	series = {Descriptive grammars},
	title = {{Persian}},
	year = {1997}
}

@book{magomedbekova1971,
	address = {Tbilisi},
	author = {Magomedbekova, Zagidat M.},
	author-translation = {Zagidat Magomedovna Magomedbekova},
	date-added = {2009-06-11 14:39:36 +0200},
	date-modified = {2016-04-08 09:57:30 +0000},
	keywords = {Language description;Caucasus;Europe},
	publisher = {Mecniereba},
	sortname = {Magomedbekova, Zagidat M.},
	subtitle = {Grammatičeskij analiz, teksty, slovar'},
	title = {Karatinskij jazyk},
	year = {1971}
}

@book{lund1932,
	address = {K{ø}benhavn},
	author = {Lund, Jens},
	date-added = {2008-07-27 12:18:52 +0200},
	date-modified = {2010-01-05 11:20:05 +0100},
	keywords = {North Germanic;Language description;Phonology;Morphology;Danish;Dialectology},
	publisher = {Rietzel},
	title = {{Morsingmålets Lyd- og Forml{{\ae}}re}},
	year = {1932}
}

@book{lockwood1955,
	address = {K{ø}benhavn},
	author = {Lockwood, William B.},
	date-added = {2009-12-23 16:38:29 +0100},
	date-modified = {2010-07-19 11:12:33 +0200},
	publisher = {Ejnar Munksgaard},
	sortname = {Lockwood, William B.},
	title = {An introduction to {M}odern {F}aroese},
	year = {1955}
}

@book{liljegren2016a,
	address = {Berlin},
	author = {Henrik Liljegren},
	date-added = {2016-03-26 13:28:10 +0000},
	date-modified = {2016-03-26 13:29:09 +0000},
	doi = {10.17169/langsci.b82.86},
	number = {8},
	publisher = {Language Science Press},
	series = {Studies in Diversity Linguistics},
	title = {A grammar of {P}alula},
	year = {2016}
}

@book{li-etal1981,
	address = {Berkeley},
	author = {Charles N. Li and Sandra A. Thompson},
	date-added = {2009-06-19 11:10:00 +0200},
	date-modified = {2016-07-15 10:23:56 +0000},
	keywords = {Language description},
	publisher = {University of California Press},
	sortname = {Charles N. Li and Sandra A. Thompson},
	subtitle = {A functional reference grammar},
	title = {Mandarin {C}hinese},
	year = {1981}
}

@book{leslau1995,
	address = {Wiesbaden},
	author = {Leslau, Wolf},
	date-added = {2010-01-04 16:35:38 +0100},
	date-modified = {2010-01-04 16:36:34 +0100},
	keywords = {Semitic;Language description;Africa},
	publisher = {Harrassowitz},
	title = {Reference grammar of {A}mharic},
	year = {1995}
}

@book{leskien1919,
	address = {Heidelberg},
	author = {Leskien, August},
	date-added = {2008-01-04 11:49:02 +0100},
	date-modified = {2010-01-05 11:13:06 +0100},
	publisher = {Winter},
	title = {{Litauisches Lesebuch mit Grammatik und Wörterbuch}},
	year = {1919}
}

@book{leskien1871,
	address = {Weimar},
	author = {Leskien, August},
	date-added = {2008-01-04 11:47:29 +0100},
	date-modified = {2016-09-12 13:28:54 +0000},
	publisher = {H. Böhlau},
	subtitle = {Grammatik, {T}exte, {G}lossar},
	title = {Handbuch der altbulgarischen (altkirchenslavischen) {S}prache},
	year = {1871}
}

@book{lehtiranta1989,
	address = {Helsinki},
	author = {Juhani Lehtiranta},
	date-added = {2007-06-26 22:20:20 +0200},
	date-modified = {2016-05-27 16:10:29 +0000},
	number = {200},
	publisher = {Suomalais-Ugrilainen Seura},
	read = {Yes},
	series = {Suomalais-Ugrilaisen Seuran Toimituksia},
	title = {Yhteissaamelainen sanasto},
	year = {1989}
}

@book{lehmann1984,
	address = {Tübingen},
	author = {Lehmann, Christian},
	date-added = {2008-07-27 12:18:52 +0200},
	date-modified = {2016-09-12 13:28:05 +0000},
	keywords = {Noun phrase;Relative clause;Attribution;Typology},
	number = {3},
	publisher = {Narr},
	series = {Language Universals Series},
	subtitle = {Typologie seiner {S}trukturen. {T}heorie seiner {F}unktionen. {K}ompendium seiner {G}rammatik},
	title = {Der {R}elativsatz},
	year = {1984}
}

@book{larsson1929,
	abstract = {incorporation of a possessor: pappa-bok-a (p.124)},
	address = {Uppsala},
	author = {Larsson, Seth},
	date-added = {2008-01-07 16:51:16 +0100},
	date-modified = {2010-01-05 11:10:29 +0100},
	publisher = {Appelberg},
	title = {{Substantivböjningen i {V}ästerbottens folkmål}},
	year = {1929}
}

@book{kutsch-lojenga1994,
	address = {Köln},
	author = {Kutsch Lojenga, Constance},
	date-added = {2009-06-19 13:16:25 +0200},
	date-modified = {2016-04-08 09:56:13 +0000},
	number = {9},
	publisher = {Köppe},
	series = {Nilo\hyp{}Saharan. Linguistic Analyses and Documentation},
	subtitle = {A {C}entral-{S}udanic language of {Z}aire},
	title = {{Ngiti}},
	year = {1994}
}

@book{kusmenko2008,
	address = {Berlin},
	author = {Jurij Kusmenko},
	date-added = {2007-07-02 14:57:38 +0200},
	date-modified = {2016-09-12 13:27:08 +0000},
	number = {10},
	publisher = {Humboldt-Universität zu Berlin},
	series = {Berliner Beiträge zur Skandinavistik},
	subtitle = {Beitrag zur nordgermanischen {S}prachgeschichte},
	title = {Der samische {{E}}influss auf die skandinavischen {S}prachen},
	year = {2008}
}

@book{kurbanov1986,
	address = {Machačkala},
	author = {Kurbanov, Kazi K.},
	author-translation = {Kazi Kerimovič Kurbanov},
	date-added = {2009-06-11 13:17:32 +0200},
	date-modified = {2010-02-15 12:37:45 +0100},
	keywords = {Language description;Caucasus;Europe},
	publisher = {Dagučpedgiz},
	sortname = {Kurbanov, Kazi K.},
	title = {{Morfologija tabasaranskogo jazyka (posobie dlja učitelja}},
	year = {1986}
}

@book{kunnap1999,
	address = {München},
	author = {Künnap, Ago},
	date-added = {2009-06-08 09:10:24 +0200},
	date-modified = {2009-06-08 09:12:03 +0200},
	keywords = {Language description;Uralic;Northern Eurasia},
	number = {186},
	publisher = {LINCOM Europa},
	series = {Languages of the World\slash{}Materials},
	sortname = {Kunnap, Ago},
	title = {Enets},
	year = {1999}
}

@book{krueger1962,
	address = {Bloomington},
	author = {Krueger, John Richard},
	date-added = {2009-06-11 16:29:17 +0200},
	date-modified = {2016-04-08 10:08:23 +0000},
	keywords = {Language description;Turkic},
	number = {21},
	publisher = {Indiana University},
	series = {Uralic and Altaic Series},
	subtitle = {Area handbook, grammar, graded reader and glossery},
	title = {{Yakut} manual},
	year = {1964}
}

@book{krueger1961,
	address = {Bloomington},
	author = {Krueger, John Richard},
	date-added = {2007-07-19 06:29:57 +0200},
	date-modified = {2016-03-22 16:42:27 +0000},
	keywords = {Language description;Northern Eurasia;Europe;Turkic},
	number = {7},
	publisher = {Indiana University},
	series = {Uralic and Altaic Series},
	subtitle = {Introduction, grammar, reader, and vocabulary},
	title = {Chuvash manual},
	year = {1961}
}

@book{krotkoff1982,
	address = {New Haven},
	author = {Krotkoff, Georg},
	date-added = {2009-06-11 14:36:49 +0200},
	date-modified = {2016-03-22 16:52:32 +0000},
	keywords = {Language description;Semitic},
	number = {64},
	publisher = {American Oriental Society},
	series = {American Oriental Series},
	subtitle = {Text, grammar, and vocabulary},
	title = {A {{N}eo-{A}}ramaic dialect of {K}urdistan},
	year = {1982}
}

@book{kress1982,
	address = {Leipzig},
	author = {Kress, Bruno},
	call-number = {MR},
	date-added = {2008-07-27 12:18:52 +0200},
	date-modified = {2009-06-19 13:59:54 +0200},
	keywords = {Language description;North Germanic;Icelandic},
	publisher = {Enzyklopädie},
	title = {Isländische {G}rammatik},
	year = {1982}
}

@book{krejnovic1982,
	address = {Leningrad},
	author = {Krejnovič, Eruchim A.},
	author-translation = {Eruchim Abramovič Krejnovič},
	date-added = {2009-05-15 15:55:57 +0200},
	date-modified = {2010-02-15 09:42:57 +0100},
	keywords = {Language description;Northern Eurasia;Yukagir},
	publisher = {Nauka},
	sortname = {Krejnovic, Eruchim A.},
	title = {Issledovanija i materialy po jukagirskomu jazyku},
	year = {1982}
}

@book{kramsky1972,
	address = {The Hague},
	author = {Krámsk{\'y}, Ji{\v r}ı́},
	bib = {Diss},
	call-number = {MR (copy)},
	date-added = {2008-01-04 12:54:40 +0100},
	date-modified = {2009-05-17 13:36:39 +0200},
	keywords = {Noun phrase;Definiteness;Typology;Attribution},
	publisher = {Mouton},
	sortname = {Kramsk{y}, Ji{ r}iy},
	title = {The article and the concept of definiteness in language},
	year = {1972}
}

@book{kouwenberg1994,
	address = {Berlin},
	author = {Kouwenberg, Silvia},
	date-added = {2009-06-19 13:09:29 +0200},
	date-modified = {2010-01-05 10:55:12 +0100},
	keywords = {Language description;Creole},
	number = {12},
	publisher = {Mouton de Gruyter},
	series = {Mouton Grammar Library},
	title = {Berbice {D}utch {C}reole},
	year = {1994}
}

@book{kornfilt1997,
	address = {London},
	author = {Jaklin Kornfilt},
	date-added = {2010-01-04 16:46:13 +0100},
	date-modified = {2010-01-04 16:47:19 +0100},
	keywords = {Language description;Turkic;Europe},
	publisher = {Routledge},
	series = {Descriptive grammars},
	title = {{Turkish}},
	year = {1997}
}

@book{korjakov2006a,
	address = {Moskva},
	author = {Korjakov, Jurij B.},
	date-added = {2016-06-17 08:57:44 +0000},
	date-modified = {2016-06-17 08:59:32 +0000},
	publisher = {Institut Jazykoznanija RAN},
	sortname = {Korjakov, Jurij B.},
	title = {Atlas kavkazskich jazykov},
	year = {2006}
}

@book{korhonen-m1981,
	address = {Helsinki},
	author = {Korhonen, Mikko},
	bib = {LWT},
	date-modified = {2016-09-22 07:03:20 +0000},
	number = {370},
	publisher = {Suomalaisen Kirjallisuuden Seura},
	series = {Suomalaisen Kirjallisuuden Seuran Toimituksia},
	title = {Johdatus lapin kielen historiaan},
	year = {1981}
}

@book{kordic1997,
	address = {München},
	author = {Snjezana Kordic},
	date-added = {2009-06-08 09:35:47 +0200},
	date-modified = {2010-01-05 10:53:48 +0100},
	keywords = {Language description},
	number = {148},
	publisher = {LINCOM Europa},
	series = {Languages of the World\slash{}Materials},
	title = {{{Serbo-{Croatian}}}},
	year = {1997}
}

@book{kokkonen1984,
	address = {Helsinki},
	author = {Kokkonen, Paula},
	date-added = {2009-09-11 12:17:38 +0200},
	date-modified = {2016-05-27 16:10:36 +0000},
	number = {9},
	publisher = {Suomalais-Ugrilainen Seura},
	series = {Hilfsmittel für das Studium der finnisch-ugrischen Sprachen},
	title = {Komisyrjäänin kielioppia ja tekstejä},
	year = {1984}
}

@book{kocaoglu2006,
	address = {München},
	author = {Timur Kacao{\u g}lu},
	date-added = {2009-06-16 22:01:57 +0200},
	date-modified = {2016-09-12 13:18:00 +0000},
	keywords = {Language description;Turkic;Europe},
	number = {458},
	publisher = {LINCOM Europa},
	series = {Languages of the World\slash{}Materials},
	sortname = {Timur Kacao{\u g}lu},
	subtitle = {The {T}rakai dialect},
	title = {Karay},
	year = {2002}
}

@book{kimball1991,
	address = {Lincoln},
	author = {Kimball, Geoffrey},
	date-added = {2009-06-19 13:50:08 +0200},
	date-modified = {2010-01-05 10:45:52 +0100},
	publisher = {University of Nebraska Press},
	title = {{Koasati} grammar},
	year = {1991}
}

@book{kibrik-etal2000,
	address = {Moskva},
	author = {Aleksandr E. Kibrik and Sandro V. Kodzasov and Irina A. Murav'eva},
	author-translation = {Aleksandr Evgen'evič Kibrikevič Kibrik;Sandro Vasil'evič Kodzasov;Irina Anatol'evna Murav'eva},
	date-added = {2008-07-27 12:18:52 +0200},
	date-modified = {2010-02-15 09:26:08 +0100},
	keywords = {Language description;Northern Eurasia},
	publisher = {Nasledie},
	sortname = {Aleksandr E. Kibrik and Sandro V. Kodzasov and Irina A. Murav'eva},
	title = {{Jazyk i fol'klor aljutorcev}},
	year = {2000}
}

@book{kenesei-etal1998,
	address = {London},
	author = {Kenesei, István and Robert M. Vago and Anna Fenyvesi},
	date-added = {2009-12-23 16:49:53 +0100},
	date-modified = {2010-01-04 17:04:41 +0100},
	keywords = {Uralic;Language description},
	publisher = {Routledge},
	series = {Descriptive Grammar Series},
	sortname = {Kenesei, Istvan and Robert M. Vago and Anna Fenyvesi},
	title = {{Hungarian}},
	year = {1998}
}

@book{kelmakov-etal1999,
	address = {Helsinki},
	author = {Kel'makov, Valentin and Hännikäinen, Sara},
	date-added = {2007-07-17 18:06:34 +0200},
	date-modified = {2016-05-27 16:10:11 +0000},
	number = {14},
	publisher = {Suomalais-Ugrilainen Seura},
	series = {Hilfsmittel für das Studium der finnisch-ugrischen Sprachen},
	sortname = {Kel'makov, Valentin and Hannikainen, Sara},
	title = {Udmurtin kielioppia ja harjoituksia},
	year = {1999}
}

@book{katz1987,
	address = {London},
	author = {Katz, Dovid},
	date-added = {2010-01-04 16:10:49 +0100},
	date-modified = {2010-01-04 16:12:02 +0100},
	keywords = {Language description;Indoeuropean;Europe},
	publisher = {Duckworth},
	title = {Grammar of the {Y}iddish language},
	year = {1987}
}

@book{karlsson1999,
	address = {London},
	author = {Karlsson, Fred},
	date-added = {2009-06-08 14:49:26 +0200},
	date-modified = {2016-04-08 09:55:10 +0000},
	publisher = {Routledge},
	series = {Routledge grammars},
	subtitle = {An essential grammar},
	title = {{Finnish}},
	year = {1999}
}

@book{kara2003,
	
	author = {Dávid Somfai Kara},
	date-added = {2009-12-23 16:05:54 +0100},
	date-modified = {2009-12-23 16:06:39 +0100},
	number = {423},
	publisher = {LINCOM Europa},
	series = {Languages of the World\slash{}Materials},
	sortname = {David Somfai Kara},
	title = {Kyrgyz},
	year = {2003}
}

@book{kara2002,
	address = {München},
	author = {Dávid Somfai Kara},
	date-added = {2009-06-16 21:43:30 +0200},
	date-modified = {2009-06-16 21:44:32 +0200},
	keywords = {Language description;Turkic;Northern Eurasia},
	number = {417},
	publisher = {LINCOM Europa},
	series = {Languages of the World\slash{}Materials},
	sortname = {David Somfai Kara},
	title = {Kazak},
	year = {2002}
}

@book{kampfe-etal1995,
	address = {Wiesbaden},
	author = {Hans-Rainer Kämpfe and Alexander P. Volodin},
	date-added = {2008-09-20 21:21:35 +0200},
	date-modified = {2016-05-28 09:46:06 +0000},
	keywords = {Language description;Northern Eurasia},
	number = {1},
	publisher = {Harrassowitz},
	series = {Tunguso Sibirica},
	sortname = {Hans-Rainer Kampfe and Alexander P. Volodin},
	title = {Abriß der tschuktischen {G}rammatik auf der {B}asis der {S}chriftsprache},
	year = {1995}
}

@book{julien2005,
	address = {Amsterdam},
	author = {Julien, Marit},
	date-added = {2008-07-27 12:18:52 +0200},
	date-modified = {2016-03-30 12:49:37 +0000},
	keywords = {Noun phrase; North Germanic},
	number = {87},
	publisher = {John Benjamins},
	series = {Linguistik Aktuell},
	title = {Nominal phrases from a {S}candinavian perspective},
	year = {2005}
}

@book{judakin1997,
	address = {Moskva},
	author = {Judakin, Anatolij P.},
	date-added = {2008-07-27 12:18:52 +0200},
	date-modified = {2016-04-08 09:46:30 +0000},
	publisher = {Glas},
	sortname = {Judakin, Anatolij P.},
	subtitle = {Stanovlenie sistemy padežej},
	title = {Sravnitel'no-istoričeskaja grammatika finno-ugorskich jazykov},
	year = {1997}
}

@book{johanson2002a,
	address = {Richmond},
	author = {Johanson, Lars},
	date-added = {2016-07-13 16:00:14 +0000},
	date-modified = {2016-07-13 16:00:14 +0000},
	publisher = {Curzon},
	title = {Structural factors in {T}urkic language contacts},
	year = {2002}
}

@book{janhunen2005,
	address = {München},
	author = {Juha Janhunen},
	bib = {Diss},
	date-added = {2009-06-08 09:22:30 +0200},
	date-modified = {2016-05-28 09:28:42 +0000},
	keywords = {Language description},
	number = {173},
	publisher = {LINCOM Europa},
	series = {Languages of the World\slash{}Materials},
	title = {Khamnigan {M}ongol},
	year = {2005}
}

@book{janda-etal2000,
	address = {München},
	author = {Laura A. Janda and Charles E. Townsend},
	date-added = {2009-06-08 09:31:57 +0200},
	date-modified = {2010-07-19 10:55:36 +0200},
	keywords = {Language description},
	number = {125},
	publisher = {LINCOM Europa},
	series = {Languages of the World\slash{}Materials},
	sortname = {Laura A. Janda and Charles E. Townsend},
	title = {Czech},
	year = {2000}
}

@book{janas1976,
	address = {Bautzen},
	author = {Janaš, P{\v e}tr},
	date-added = {2009-01-27 18:01:00 +0200},
	date-modified = {2016-09-12 13:17:14 +0000},
	keywords = {Language description},
	publisher = {Domowina},
	sortname = {Jana s, P{ e}tr},
	subtitle = {Für den {G}ebrauch der {S}orbischen {E}rweiterten {O}berschule},
	title = {Niedersorbische {G}rammatik},
	year = {1976}
}

@book{ido2005,
	address = {München},
	author = {Ido, Shinji},
	date-added = {2009-06-16 21:36:17 +0200},
	date-modified = {2010-07-19 10:43:38 +0200},
	keywords = {Language description;IE;Northern Eurasia},
	number = {442},
	publisher = {LINCOM Europa},
	series = {Languages of the World\slash{}Materials},
	title = {{Tajik}},
	year = {2005}
}

@book{hualde1992,
	address = {London},
	author = {Hualde, José Ignacio},
	date-added = {2009-12-23 17:09:29 +0100},
	date-modified = {2009-12-23 17:10:54 +0100},
	publisher = {Routledge},
	series = {Descriptive grammars},
	sortname = {Hualde, Jose Ignacio},
	title = {{Catalan}},
	year = {1992}
}

@book{hualde-etal2003,
	address = {Berlin},
	booktitle = {A grammar of {B}asque},
	date-added = {2008-09-20 17:13:55 +0200},
	date-modified = {2016-06-16 15:42:01 +0000},
	editor = {Hualde, José Ignacio and Ortiz de Urbina, Jon},
	number = {26},
	publisher = {Mouton de Gruyter},
	series = {Mouton Grammar Library},
	sortname = {Hualde, Jose Ignacio and Ortiz de Urbina, Jon},
	title = {A grammar of {B}asque},
	year = {2003}
}

@book{holzinger1995,
	address = {München},
	author = {Holzinger, Daniel},
	date-added = {2009-12-23 15:46:11 +0100},
	date-modified = {2016-05-28 09:28:58 +0000},
	number = {105},
	publisher = {LINCOM Europa},
	series = {Languages of the World\slash{}Materials},
	title = {Romanes},
	year = {1995}
}

@book{holm-etal1970,
	address = {Stockholm},
	author = {Holm, Britta and Elizabeth Nylund},
	date-added = {2010-06-26 09:19:03 +0200},
	date-modified = {2010-06-26 09:20:09 +0200},
	keywords = {Language description;North Germanic},
	publisher = {Skriptor},
	title = {Deskriptiv svensk grammatik},
	year = {1970}
}

@book{himmelmann1997,
	address = {Tübingen},
	author = {Himmelmann, Nikolaus},
	date-added = {2008-01-06 15:54:19 +0100},
	date-modified = {2016-09-12 13:02:36 +0000},
	keywords = {Noun phrase; Grammaticalization;Attribution;Typology},
	number = {362},
	publisher = {Niemeyer},
	series = {Linguistische Arbeiten},
	subtitle = {Zur {E}mergenz syntaktischer {S}truktur},
	title = {Deiktikon, {A}rtikel, {N}ominalphrase},
	year = {1997}
}

@book{heinrichs1954,
	address = {Gießen},
	author = {Heinrichs, Heinrich Matthias},
	call-number = {MR (copy)},
	date-added = {2007-07-19 06:56:37 +0200},
	date-modified = {2009-05-17 11:45:36 +0200},
	keywords = {Germanic;IE;Historical linguistics;Noun phrase;Attribution},
	publisher = {Schmitz},
	title = {{Studien zum bestimmten Artikel in den germanischen Sprachen}},
	year = {1954}
}

@book{heine-etal2005,
	address = {Cambridge},
	author = {Heine, Bernd and Kuteva, Tania},
	date-added = {2008-07-27 12:18:52 +0200},
	date-modified = {2010-01-05 10:26:07 +0100},
	keywords = {Contact linguistics;Areal typology},
	publisher = {Cambridge University Press},
	series = {Cambridge approaches to language contact},
	title = {Language contact and grammatical change},
	year = {2005}
}

@book{heath1998,
	address = {Berlin},
	author = {Heath, Jeffrey},
	date-added = {2009-06-22 11:40:28 +0200},
	date-modified = {2010-01-04 17:02:24 +0100},
	keywords = {Language description},
	lid = {Songhai},
	number = {19},
	publisher = {Mouton de Gruyter},
	series = {Mouton Grammar Library},
	title = {A grammar of {K}oyra {C}hiini},
	year = {1998}
}

@book{haspelmath1993,
	address = {Berlin},
	author = {Haspelmath, Martin},
	bib = {Diss},
	date-added = {2008-07-27 18:14:09 +0200},
	date-modified = {2010-01-05 10:25:02 +0100},
	keywords = {Language description;Caucasus;Northern Eurasia;Europe},
	number = {9},
	publisher = {Mouton de Gruyter},
	series = {Mouton Grammar Library},
	title = {A grammar of {L}ezgian},
	year = {1993}
}

@book{harriehausen1990,
	address = {Tübingen},
	author = {Harriehausen, Bettina},
	date-added = {2009-06-19 13:12:05 +0200},
	date-modified = {2016-09-12 13:00:37 +0000},
	keywords = {Language description},
	number = {245},
	publisher = {Niemeyer},
	series = {Linguistische Arbeiten},
	subtitle = {Syntaktische {A}nalyse einer gesprochenen {S}prache mithilfe datenverarbeitungstechnischer {M}ittel und sprachvergleichender {B}eschreibung des südostasiatischen {S}prachraumes},
	title = {Hmong {N}jua},
	year = {1990}
}

@book{hancock1995,
	address = {Columbus},
	author = {Hancock, Ian},
	date-added = {2009-10-26 16:17:48 +0100},
	date-modified = {2010-01-05 10:17:16 +0100},
	keywords = {Language description;Indoeuropean},
	publisher = {Slavica},
	title = {A handbook of {V}lax {R}omani},
	year = {1993}
}

@book{halwachs-etal2002,
	address = {München},
	author = {Halwachs, Dieter W. and Michael Wogg},
	bib = {Diss},
	date-added = {2009-01-29 14:54:28 +0100},
	date-modified = {2011-01-31 16:07:58 +0100},
	keywords = {Language description;IE;Europe},
	number = {107},
	publisher = {LINCOM Europa},
	series = {Languages of the World\slash{}Materials},
	sortname = {Halwachs, Dieter W. and Michael Wogg},
	title = {{{{Burgenland}-Romani}}},
	year = {2002}
}

@book{hagman1977,
	address = {Bloomington},
	author = {Hagman, Roy Stephan},
	date-added = {2010-01-05 10:00:57 +0100},
	date-modified = {2014-11-28 10:13:00 +0000},
	number = {15},
	publisher = {Indiana University Press},
	series = {Language Science Monographs},
	title = {{Nama} {H}ottentott grammar},
	year = {1977}
}

@book{guma1971,
	address = {Pietermaritzburg},
	author = {Guma, Samson Mbizo},
	date-added = {2010-01-04 16:32:20 +0100},
	date-modified = {2010-01-04 16:34:09 +0100},
	keywords = {Language description},
	publisher = {Shuter and Shuter},
	title = {An outline structure of {S}outhern {S}otho},
	year = {1971}
}

@book{gruzdeva1998,
	address = {München},
	author = {Ekaterina Gruzdeva},
	date-added = {2011-04-12 16:02:40 +0200},
	date-modified = {2016-09-12 12:57:29 +0000},
	number = {111},
	publisher = {LINCOM Europa},
	series = {Languages of the World\slash{}Materials},
	title = {Nivkh},
	year = {2003}
}

@book{gromova-etal1995,
	abstract = {Громова, Нелли Владимировна},
	address = {Moskva},
	author = {Gromova, Nelli V. and Ochotina, Natalija V.},
	date-added = {2010-01-04 16:28:32 +0100},
	date-modified = {2016-09-22 07:05:52 +0000},
	keywords = {Language description},
	publisher = {Nasledie},
	sortname = {Gromova, Nelli V. and Ochotina, Natalija V.},
	title = {Teoretičeskaja grammatika jazyka suachili},
	year = {1995}
}

@book{giacomo-marcellesi1997,
	address = {München},
	author = {Mathée Giacomo-Marcellesi},
	date-added = {2009-12-23 16:47:10 +0100},
	date-modified = {2009-12-23 16:48:12 +0100},
	number = {65},
	publisher = {LINCOM Europa},
	series = {Languages of the World\slash{}Materials},
	sortname = {Mathee Giacomo-Marcellesi},
	title = {Corse},
	year = {1997}
}

@book{georg-etal1999,
	address = {Wiesbaden},
	author = {Ralf-Stefan Georg and Alexander P. Volodin},
	date-added = {2008-07-27 12:18:52 +0200},
	date-modified = {2016-09-22 07:06:20 +0000},
	number = {5},
	publisher = {Harrassowitz},
	series = {Tunguso Sibirica},
	sortname = {Ralf-Stefan Georg and Alexander P. Volodin},
	subtitle = {Grammatik und {T}exte},
	title = {Die itelmenische {S}prache},
	year = {1999}
}

@book{gary-etal1982,
	address = {Amsterdam},
	author = {Gary, Judith Olmsted and Gamal-Eldin, Saad},
	date-added = {2009-06-26 19:58:49 +0200},
	date-modified = {2009-06-26 20:00:42 +0200},
	keywords = {Language description;Semitic},
	number = {6},
	publisher = {North-Holland},
	series = {Lingua Descriptive Studies},
	title = {Cairene {{E}}gyptian {C}olloqial {A}rabic},
	year = {1982}
}

@book{gartner1998,
	address = {Tübingen},
	author = {Gärtner, Eberhard},
	date-added = {2009-12-23 16:55:16 +0100},
	date-modified = {2009-12-23 16:56:41 +0100},
	publisher = {Niemeyer},
	sortname = {Gartner, Eberhard},
	title = {{Grammatik der portugiesischen Sprache}},
	year = {1998}
}

@book{gamillscheg1937,
	address = {Berlin},
	author = {Gamillscheg, Ernst},
	bib = {Diss},
	call-number = {MR (copy)},
	date-added = {2009-04-17 15:05:19 +0200},
	date-modified = {2014-11-26 13:01:10 +0000},
	keywords = {Noun phrase;Historical linguistics;Indoeuropean},
	number = {1936:27},
	publisher = {Akademie der Wissenschaften},
	series = {Sitzungsberichte der Preußischen Akademie der Wissenschaften. Philosophisch-his\-to\-ri\-sche Klasse},
	title = {{Zum romanischen Artikel und Possessivpronomen}},
	year = {1937}
}

@book{friedman2002,
	address = {München},
	author = {Victor A. Friedman},
	date-added = {2009-06-08 09:29:26 +0200},
	date-modified = {2009-06-08 09:30:37 +0200},
	keywords = {Language description},
	number = {117},
	publisher = {LINCOM Europa},
	series = {Languages of the World\slash{}Materials},
	sortname = {Victor A. Friedman},
	title = {Macedonian},
	year = {2002}
}

@book{fortescue2005a,
	address = {Berlin},
	author = {Fortescue, Michael},
	date-added = {2016-09-13 16:49:37 +0000},
	date-modified = {2016-09-13 16:49:37 +0000},
	keywords = {dictionary,historical linguistics},
	number = {23},
	pagetotal = {496},
	publisher = {Mouton de Gruyter},
	series = {Trends in Linguistics Documentation},
	title = {Comparative {{C}hukotko-{K}}amchatkan dictionary},
	year = {2005}
}

@book{fortescue1984,
	address = {London},
	author = {Fortescue, Michael},
	date-added = {2009-06-19 14:11:04 +0200},
	date-modified = {2009-06-19 14:12:10 +0200},
	keywords = {Language description;Eskimo},
	publisher = {Croom Helm},
	title = {{West} {G}reenlandic},
	year = {1984}
}

@book{foley1991,
	address = {Stanford},
	author = {Foley, William A.},
	date-added = {2010-01-04 16:37:45 +0100},
	date-modified = {2016-05-28 09:30:39 +0000},
	publisher = {Stanford University Press},
	sortname = {Foley, William A.},
	title = {The {Y}imas language of {N}ew {G}uinea},
	year = {1991}
}

@book{feldstein-etal2002,
	address = {München},
	author = {Ronald Feldstein and Steven Franks},
	date-added = {2009-12-23 16:01:41 +0100},
	date-modified = {2016-05-28 09:30:54 +0000},
	number = {393},
	publisher = {LINCOM Europa},
	series = {Languages of the World\slash{}Materials},
	title = {Polish},
	year = {2002}
}

@book{feist2015a,
	address = {Helsinki},
	author = {Feist, Timothy},
	bdsk-url-1 = {??},
	date-added = {2016-06-16 13:21:21 +0000},
	date-modified = {2016-06-16 13:21:21 +0000},
	keywords = {Saamic linguistics,language description,Kola Saami},
	number = {273},
	publisher = {Suomalais-Ugrilainen Seura},
	series = {Suomalais-Ugrilaisen Seuran Toimituksia},
	title = {A grammar of {S}kolt {S}aami},
	year = {2015}
}

@book{everett-etal1997,
	address = {London},
	author = {Daniel L. Everett and Barbara Kern},
	date-added = {2010-07-12 18:00:29 +0200},
	date-modified = {2016-03-22 17:02:33 +0000},
	keywords = {Language description},
	publisher = {Routledge},
	series = {Routledge Descriptive Series},
	sortname = {Daniel L. Everett and Barbara Kern},
	subtitle = {The {P}acaas {N}ovos language of {W}estern {B}razil},
	title = {{Wari}'},
	year = {1997}
}

@book{evans1995,
	address = {Berlin},
	author = {Evans, Nicholas D.},
	date-added = {2009-06-19 13:39:12 +0200},
	date-modified = {2016-03-22 17:01:35 +0000},
	number = {15},
	publisher = {Mouton de Gruyter},
	series = {Mouton Grammar Library},
	sortname = {Evans, Nicholas D.},
	subtitle = {With historical-comparative notes on {T}angkic},
	title = {A grammar of {K}ayardild},
	year = {1995}
}

@book{donaldson1997,
	address = {London},
	author = {Donaldson, Bruce},
	date-added = {2009-06-08 14:52:48 +0200},
	date-modified = {2016-05-28 09:31:12 +0000},
	publisher = {Routledge},
	series = {Routledge grammars},
	subtitle = {A comprehensive grammar},
	title = {{Dutch}},
	year = {1997}
}

@book{deseriev1959,
	address = {Moskva},
	author = {Dešeriev, Junus D.},
	bib = {Diss},
	date-added = {2008-07-27 17:54:47 +0200},
	date-modified = {2016-09-22 07:07:00 +0000},
	keywords = {Language description;Caucasus;Northern Eurasia;Europe},
	publisher = {Nauka},
	sortname = {De seriev, Junus D.},
	title = {Grammatika chinalugskogo jazyka},
	year = {1959}
}

@book{delsing1993,
	address = {Lund},
	author = {Delsing, Lars-Olof},
	date-added = {2008-07-27 12:18:52 +0200},
	date-modified = {2016-05-28 09:32:08 +0000},
	keywords = {North Germanic;Noun phrase;Syntax},
	publisher = {Lunds universitet},
	subtitle = {A comparative study},
	title = {The internal structure of noun phrases in the {S}candinavian languages},
	year = {1993}
}

@book{delbruck1893,
	address = {Strassburg},
	author = {Delbrück, Berthold},
	date-added = {2007-12-30 12:08:54 +0100},
	date-modified = {2010-01-04 18:11:37 +0100},
	number = {1},
	publisher = {Trübner},
	series = {Grundriss der vergleichenden Grammatik der indogermanischen Sprachen},
	sortname = {Delbruck, Berthold},
	title = {{Vergleichende Syntax der indogermanischen Sprachen}},
	year = {1893}
}

@book{decsy1998,
	abstract = {p. 75 POSS:3SG -si als DEF (based on Old Turkic data) p.76 Wortfolge A+N Agreement/non-agreement of adj. not mentioned in syntax part},
	address = {Bloomington},
	author = {Décsy, Gyula},
	date-added = {2009-10-30 13:14:12 +0100},
	date-modified = {2016-03-22 17:06:23 +0000},
	keywords = {Language description;Turkic;Northern Eurasia;Historical linguistics},
	number = {11},
	publisher = {Eurolingua},
	series = {Bibliotheca nostratica},
	sortname = {Decsy, Gyula},
	subtitle = {A computational reconstruction},
	title = {The {T}urkic protolanguage},
	year = {1998}
}

@book{decsy1991,
	abstract = {p. 57 proto-IE hatte wahrscheinlich keine Kongruenz in NPs (so wie auch Tocharisch keine hat)},
	address = {Bloomington},
	author = {Décsy, Gyula},
	date-added = {2009-10-30 13:16:55 +0100},
	date-modified = {2016-03-22 17:06:12 +0000},
	keywords = {Language description;IE;Northern Eurasia;Historical linguistics},
	number = {10},
	publisher = {Eurolingua},
	series = {Bibliotheca nostratica},
	sortname = {Decsy, Gyula},
	subtitle = {A computational reconstruction},
	title = {The {{I}ndo-{{E}}}uropean protolanguage},
	year = {1998}
}

@book{decsy1990,
	abstract = {p.80-81 keine Kongruenz in NP (bei Adjektiven) p.81 POSS als DEF},
	address = {Bloomington},
	author = {Décsy, Gyula},
	date-added = {2007-07-10 11:07:48 +0200},
	date-modified = {2016-03-22 16:55:52 +0000},
	keywords = {Language description;Uralic;Northern Eurasia;Historical linguistics},
	number = {9},
	publisher = {Eurolingua},
	series = {Bibliotheca nostratica},
	sortname = {Decsy, Gyula},
	subtitle = {A comprehensive reconstruction},
	title = {The {{U}}ralic protolanguage},
	year = {1990}
}

@book{de-reuse1994,
	abstract = {(Saami loanword): one loan relating to reindeer-herding, from Saamis brought to Alaska as herders (Grant, Handout at LWT, EVA-MPI 4 Febr 05)},
	address = {Salt Lake City},
	author = {{de Reuse}, Willem Joseph},
	date-added = {2008-07-27 12:18:52 +0200},
	date-modified = {2016-03-21 15:49:35 +0000},
	publisher = {University of Utah Press},
	series = {Studies in the Indigenous languages of the Americas},
	subtitle = {The language and its contacts with {C}hukchi},
	title = {{Siberian} {Y}upik {E}skimo},
	year = {1994}
}

@book{dahl2015a,
	address = {Berlin},
	author = {Dahl, {\"O}sten},
	date-added = {2016-03-22 16:25:18 +0000},
	date-modified = {2016-03-25 13:11:25 +0000},
	doi = {10.17169/langsci.b73.17},
	number = {6},
	publisher = {Language Science Press},
	series = {Studies in Diversity Linguistics},
	sortname = {Dahl, {O}sten},
	subtitle = {Noun phrase morphosyntax in {S}candinavian vernaculars},
	title = {Grammaticalization in the {N}orth},
	year = {2015}
}

@book{dahl2004a,
	address = {Amsterdam},
	author = {Dahl, {\"O}sten},
	date-added = {2016-03-30 12:39:35 +0000},
	date-modified = {2016-03-30 12:47:40 +0000},
	number = {71},
	publisher = {John Benjamins},
	series = {Studies in language companion series},
	sortname = {Dahl, {O}sten},
	title = {The growth and maintenance of linguistic complexity},
	year = {2004}
}

@book{csucs1990,
	address = {Budapest},
	author = {Csúcs, Sándor},
	date-added = {2010-07-07 12:17:00 +0200},
	date-modified = {2016-09-22 07:07:54 +0000},
	keywords = {Language description;Uralic;Udmurt},
	publisher = {Tankönyvkiadó},
	sortname = {Cs{u}cs, Sandor},
	title = {Chrestomathia votiacica},
	year = {1990}
}

@book{corbett2006,
	address = {Cambridge},
	author = {Corbett, Greville G.},
	bib = {Diss},
	call-number = {MR (PDF, section)},
	date-added = {2008-08-21 10:07:30 +0200},
	date-modified = {2010-06-25 10:57:03 +0200},
	keywords = {Noun phrase;Attribution;Syntax;Morphology},
	publisher = {Cambridge University Press},
	series = {Cambridge Textbooks in Linguistics},
	sortname = {Corbett, Greville G.},
	title = {Agreement},
	year = {2006}
}

@book{cook1984,
	address = {Vancouver},
	author = {Cook, Eung-Do},
	date-added = {2009-06-19 14:03:43 +0200},
	date-modified = {2009-06-19 14:04:34 +0200},
	publisher = {University of British Columbia},
	title = {A {S}arcee grammar},
	year = {1984}
}

@book{conrad1991,
	address = {Canberra},
	author = {Conrad, Robert J.},
	date-added = {2009-06-19 13:24:44 +0200},
	date-modified = {2009-06-19 13:26:24 +0200},
	number = {C:113},
	publisher = {Australian National University},
	series = {Pacific Linguistics},
	sortname = {Conrad, Robert J.},
	title = {An outline of {B}ukiyip grammar},
	year = {1991}
}

@book{comrie1981,
	address = {Cambridge},
	author = {Bernard Comrie},
	date-added = {2008-07-27 12:18:52 +0200},
	date-modified = {2011-01-31 16:06:23 +0100},
	keywords = {Language description;Areal Typology;Contact linguistics;Northern Eurasia},
	publisher = {Cambridge University Press},
	series = {Cambridge Language Surveys},
	title = {The languages of the {S}oviet {{U}}nion},
	year = {1981}
}

@book{colarusso2006,
	address = {München},
	author = {Colarusso, John},
	date-added = {2009-06-17 19:18:17 +0200},
	date-modified = {2011-01-31 16:04:56 +0100},
	keywords = {Language description;Caucasus;Europe;Abkhaz-Adyge},
	number = {200},
	publisher = {LINCOM Europa},
	series = {Languages of the World\slash{}Ma\-te\-ri\-als},
	title = {Kabardian ({{E}}ast {C}ircassian)},
	year = {2006}
}

@book{clark1998b,
	address = {Wiesbaden},
	author = {Clark, Larry},
	date-added = {2009-06-12 10:51:15 +0200},
	date-modified = {2010-01-04 18:08:45 +0100},
	keywords = {Language description;Turkic;Northern Eurasia},
	lid = {Turkmen},
	number = {34},
	publisher = {Harrassowitz},
	series = {Turcologica},
	title = {Turkmen reference grammar},
	year = {1998}
}

@book{chirikba2003,
	address = {München},
	author = {Viacheslav A. Chirikba},
	date-added = {2009-06-11 10:54:35 +0200},
	date-modified = {2010-01-04 17:57:00 +0100},
	keywords = {Language description;Caucasus;Europe},
	number = {119},
	publisher = {LINCOM Europa},
	series = {Languages of the World\slash{}Materials},
	sortname = {Viacheslav A. Chirikba},
	title = {Abkhaz},
	year = {2003}
}

@book{cherchi1999,
	address = {München},
	author = {Marcello Cherchi},
	date-added = {2009-06-11 11:18:00 +0200},
	date-modified = {2010-02-15 12:37:17 +0100},
	keywords = {Caucasus;Europe;Language description},
	number = {147},
	publisher = {LINCOM Europa},
	series = {Languages of the World\slash{}Materials},
	title = {{Georgian}},
	year = {1999}
}

@book{chang1996,
	address = {Amsterdam},
	author = {Chang, Suk-Jin},
	date-added = {2009-06-05 16:35:19 +0200},
	date-modified = {2016-03-30 12:48:02 +0000},
	keywords = {Language Description;Northern Eurasia},
	number = {4},
	publisher = {John Benjamins},
	series = {London Oriental and African Language Library},
	title = {{Korean}},
	year = {1996}
}

@book{cech2006,
	address = {München},
	author = {Cech, Petra},
	date-added = {2009-12-23 15:41:50 +0100},
	date-modified = {2016-05-28 09:32:34 +0000},
	number = {457},
	publisher = {LINCOM Europa},
	series = {Languages of the World\slash{}Materials},
	subtitle = {The dialect of the {D}olenjski {R}oma in {N}ovo {M}esto and {B}ela {K}rajina, {S}lovenia},
	title = {Dolenjska {R}omani},
	year = {2006}
}

@book{cech-etal2003,
	abstract = {Sepecides is a non-vlah Romani dialect (Romani belonging to the New Indian languages) spoken by several related grand families now living in Izmir/Tur key and Volos/Greece. This formerly united group of basket weavers split up around 1920, when exchanges of Greek/Turkish population took place. One pa rt of the group migrated to Turkey and settled finally in Izmir, the others moved to Volos (Greece) and stayed there. Since then their previously unif orm Romani developed under different linguistical conditions. Both variants are endangered in their transmission to the younger generation by the impa ct of TV and school education. The Izmir variety of Sepe..ides shows the characteristics of other non-Vlah dialects like unshortened pronominal forms, Greek, Southern-Slavic but no Rumanian lexems etc. under the influe nce of the agglutinative Turkish language it has preserved a rich derivatio nal morphology absent from corresponding dialects. As Sepecides has not previously been described, the sketch will present a survey of the entire grammatical system as well as short chapters on phon ology and syntax. One chapter will analyze the various influences of the Turkish language on Sepe..ides and their morphological and idiomatical implications. Investigations are based on approx. 130 hours of recorded ta lks ranging from tales, songs, and biographical notes to short anecdotes an d explanations of phrases and proverbs.},
	address = {München},
	author = {Cech, Petra and Heinschink, Mozes F.},
	date-added = {2008-07-27 12:18:52 +0200},
	date-modified = {2016-09-22 07:17:06 +0000},
	number = {109},
	publisher = {LINCOM Europa},
	series = {Languages of the World\slash{}Materials},
	sortname = {Cech, Petra and Heinschink, Mozes F.},
	title = {{Sepečides-{R}}omani},
	year = {2003}
}

@book{campbell-l1985,
	address = {Berlin},
	author = {Campbell, Lyle},
	date-added = {2009-06-19 13:52:03 +0200},
	date-modified = {2010-01-04 16:49:53 +0100},
	keywords = {Language description},
	number = {1},
	publisher = {Mouton de Gruyter},
	series = {Mouton Grammar Library},
	title = {The {P}ipil language of {{E}}l {S}alvador},
	year = {1985}
}

@book{bulatova-etal1999,
	address = {München},
	author = {Bulatova, Nadezhda and Grenoble, Lenore},
	date-added = {2009-06-03 13:15:28 +0200},
	date-modified = {2016-05-28 09:32:48 +0000},
	keywords = {Language description;Tungusic;Northern Eurasia},
	number = {141},
	publisher = {LINCOM Europa},
	series = {Languages of the World\slash{}Materials},
	title = {Evenki},
	year = {1999}
}

@book{budenz1870,
	address = {Pest},
	author = {Budenz, Jozséf},
	date-added = {2007-12-19 12:27:23 +0100},
	date-modified = {2016-05-28 09:34:05 +0000},
	publisher = {L. Aigner},
	sortname = {Budenz, Jozsef},
	title = {Ugrische {S}prachstudien},
	volume = {1-2},
	year = {1869-1870}
}

@book{budagova1982,
	address = {Baku},
	author = {Budagova, Zarifa},
	date-added = {2009-06-12 10:46:09 +0200},
	date-modified = {2009-06-12 10:47:40 +0200},
	keywords = {Language description;Northern Eurasia;Turkic},
	lid = {Azerbaijani},
	publisher = {{\.E}lm},
	title = {{Azerbajdžanskij jazyk (kratkij očerk)}},
	year = {1982}
}

@book{buchholz2004,
	address = {Hamburg},
	author = {Buchholz, Eva},
	call-number = {MR},
	date-added = {2009-12-23 17:57:01 +0100},
	date-modified = {2010-01-04 17:14:24 +0100},
	keywords = {Uralic},
	publisher = {Hempen},
	title = {{Grammatik der finnischen Sprache}},
	year = {2004}
}

@book{buchholz-etal1987,
	address = {Leipzig},
	author = {Buchholz, Oda and Fiedler, Wilfried},
	bib = {Diss},
	date-added = {2008-07-27 12:18:52 +0200},
	date-modified = {2010-07-19 09:18:06 +0200},
	keywords = {Language description},
	publisher = {Enzyklopädie},
	title = {Albanische {G}rammatik},
	year = {1987}
}

@book{brugmann-etal1916,
	address = {Straßburg},
	author = {Brugmann, Karl and Delbrück, Berthold},
	date-added = {2008-01-04 20:38:04 +0100},
	date-modified = {2016-03-22 16:39:26 +0000},
	publisher = {Trübner},
	sortname = {Brugmann, Karl and Delbruck, Berthold},
	subtitle = {{Kurzgefasste Darstellung der Geschichte des Altindischen, Altiranischen (Avestischen und Altpersischen), Altarmenischen, Altgriechischen, Lateinischen, Umbrisch-Samnitischen, Altirischen, Gotischen, Althochdeutschen, Litauischen und Altkirchenslavischen}},
	title = {Grundriss der vergleichenden {G}rammatik der indogermanischen {S}prachen},
	year = {1897--1916}
}

@book{brauner1974,
	address = {Leipzig},
	author = {Brauner, Siegmund},
	date-added = {2009-06-19 13:58:44 +0200},
	date-modified = {2009-06-19 13:59:33 +0200},
	publisher = {Enzyklopädie},
	title = {{Lehrbuch des Bambara}},
	year = {1974}
}

@book{borg1985,
	address = {Stuttgart},
	author = {Alexander Borg},
	date-added = {2009-06-08 12:32:13 +0200},
	date-modified = {2016-03-22 16:54:26 +0000},
	keywords = {Language description;Semitic},
	number = {47:4},
	publisher = {Steiner\hyp{}Wiesbaden},
	series = {Abhandlungen für die Kunde des Morgenlandes},
	subtitle = {A historical and comparative investigation into the phonology and morphology of the {A}rabic vernacular spoken by the {M}aronites of {K}ormakiti village in the {K}yrenia district of {N}orth-{W}estern {C}yprus},
	title = {Cypriot {A}rabic},
	year = {1985}
}

@book{borg-etal1996,
	address = {London},
	author = {Borg, Albert and Marie Azzopardi-Alexander},
	date-added = {2009-06-08 11:23:20 +0200},
	date-modified = {2010-01-04 17:45:08 +0100},
	keywords = {Language description;Semitic;Europe},
	publisher = {Routledge},
	series = {Routledge Descriptive Grammars},
	title = {Maltese},
	year = {1996}
}

@book{beyer-etal1987,
	address = {Leipzig},
	author = {Beyer, Arthur and Bochmann, Klaus and Bronsert, Siegfried},
	date-added = {2008-07-27 12:18:52 +0200},
	date-modified = {2009-05-17 13:28:44 +0200},
	keywords = {Rumanian;Language description;IE;Northern Eurasia;Europe},
	publisher = {Enzyklopädie},
	title = {Grammatik der rumänischen {S}prache der {G}egenwart},
	year = {1987}
}

@book{bergsland1994,
	address = {Kárášjohka},
	author = {Bergsland, Knut},
	date-modified = {2009-05-17 11:53:43 +0200},
	publisher = {Davvi Girji},
	title = {Sydsamisk grammatikk},
	year = {1994}
}

@book{bergsland1976,
	address = {Wiesbaden},
	author = {Bergsland, Knut},
	date-added = {2008-07-27 12:18:52 +0200},
	date-modified = {2016-09-18 11:56:29 +0000},
	number = {11},
	publisher = {Harrassowitz},
	series = {Veröffentlichungen der Societas Uralo-Altaica},
	title = {Lappische {G}rammatik mit {L}esestücken},
	year = {1976}
}

@book{bergsland1946,
	address = {Oslo},
	author = {Bergsland, Knut},
	date-modified = {2016-03-22 16:40:08 +0000},
	keywords = {Saami linguistics; Language description; South Saami},
	number = {43},
	publisher = {Aschehoug},
	series = {Instituttet for sammenlignende kulturforskning, Serie B, Skrifter},
	subtitle = {Et forsøk på strukturell språkbeskrivelse},
	title = {Røros-lappisk grammatikk},
	year = {1948}
}

@book{berghall2016a,
	address = {Berlin},
	author = {Liisa Berghäll},
	date-added = {2016-03-26 13:09:48 +0000},
	date-modified = {2016-03-26 13:29:17 +0000},
	doi = {10.17169/langsci.b67.96},
	number = {4},
	publisher = {Language Science Press},
	series = {Studies in Diversity Linguistics},
	sortname = {Liisa Berghall},
	title = {A grammar of {M}auwake},
	year = {2016}
}

@book{beekes1995a,
	address = {Amsterdam},
	author = {Beekes, Robert S. P.},
	date-added = {2016-06-16 15:36:06 +0000},
	date-modified = {2016-06-16 15:37:13 +0000},
	publisher = {John Benjamins},
	sortname = {Beekes, Robert S. P.},
	title = {Comparative {{I}ndo-{{E}}}uropean linguistics},
	year = {1995}
}

@book{bechert1993,
	address = {[Strasbourg]},
	author = {Bechert, Johannes},
	date-added = {2007-07-10 15:59:31 +0200},
	date-modified = {2007-07-10 16:01:35 +0200},
	keywords = {Noun phrase; Typology},
	publisher = {ESF},
	series = {Eurotyp Working Papers I/4},
	title = {Definiteness and article systems},
	year = {1993}
}

@book{baskakov1940,
	address = {Moskva},
	author = {Baskakov, Nikolaj A.},
	date-added = {2010-07-19 12:20:27 +0200},
	date-modified = {2016-09-22 07:41:47 +0000},
	publisher = {Nauka},
	sortname = {Baskakov, Nikolaj A.},
	subtitle = {Grammatika, teksty i slovar'},
	title = {Nogajskij jazyk i ego dialekty},
	year = {1940}
}

@book{bartens1989,
	address = {Hamburg},
	author = {Bartens, Hans-Hermann},
	call-number = {MR},
	date-modified = {2009-05-17 11:51:59 +0200},
	keywords = {Saami linguistics;Language description;Uralic;North Saami;Textbook},
	publisher = {Buske},
	title = {Lehrbuch der saamischen (lappischen) {S}prache},
	year = {1989}
}

@book{bamgbose1966,
	address = {Cambridge},
	author = {Bamgbo\.se, Ay\.o},
	date-added = {2009-12-18 14:20:58 +0100},
	date-modified = {2016-09-22 07:43:44 +0000},
	keywords = {Language description},
	publisher = {Cambridge University Press},
	sortname = {Bamgbo\.se, Ay\.o},
	title = {A grammar of {Y}oruba},
	year = {1966}
}

@book{babby2009a,
	address = {Cambridge},
	author = {Babby, Leonard H.},
	date-added = {2016-06-17 08:28:04 +0000},
	date-modified = {2016-06-17 08:28:46 +0000},
	number = {120},
	publisher = {Cambridge University Press},
	series = {Cambridge Studies in Linguistics},
	sortname = {Babby, Leonard H.},
	title = {The Syntax of Argument Structure},
	year = {2009}
}

@book{aygen2007,
	address = {München},
	author = {Gül{\c s}at Aygen},
	date-added = {2009-12-23 15:47:29 +0100},
	date-modified = {2016-05-28 09:34:25 +0000},
	number = {468},
	publisher = {LINCOM Europa},
	series = {Languages of the World\slash{}Materials},
	sortname = {Gul{\c s}at Aygen},
	title = {Kurmanjı̂ {K}urdish},
	year = {2007}
}

@book{avrorin2000,
	address = {Sankt\hyp{}Peterburg},
	author = {Avrorin, Valentin A.},
	author-transl = {Valentin Aleksandrovič Avrorin},
	call-number = {MR},
	date-added = {2009-12-06 15:07:36 +0100},
	date-modified = {2016-09-22 07:45:43 +0000},
	keywords = {Language description;Tungusic;Northern Eurasia},
	publisher = {Nauka},
	sortname = {Avrorin, Valentin A.},
	title = {Grammatika man'čžurskogo pis'mennogo jazyka},
	year = {2000}
}

@book{atanyi1942,
	address = {Budapest},
	author = {Atányi, István},
	date-modified = {2016-05-28 09:36:36 +0000},
	number = {6},
	publisher = {Hornyánszky},
	series = {Finnugor értekezések},
	sortname = {Atanyi, Istvan},
	title = {A lapp melléknevek attributı́v-predikatı́v alakpárjainak kérdéséhez},
	year = {1942}
}

@book{astrom1893,
	address = {Stockholm},
	author = {Åström, Per},
	date-added = {2008-07-27 12:18:52 +0200},
	date-modified = {2016-05-28 09:37:39 +0000},
	number = {13:2},
	publisher = {Kungliga Gustav Adolfs Akademien för svensk folkkultur},
	series = {Svenska landsmål och svenskt folkliv},
	sortname = {Astrom, Per},
	title = {Degerforsmålets formlära},
	year = {1893}
}

@book{asher1982,
	address = {Amsterdam},
	author = {Asher, Ron E.},
	date-added = {2009-06-19 13:34:25 +0200},
	date-modified = {2009-06-19 13:36:34 +0200},
	number = {7},
	publisher = {North-Holland},
	series = {Lingua Descriptive Studies},
	sortname = {Asher, Ron E.},
	title = {{Tamil}},
	year = {1982}
}

@book{aronoff1994,
	address = {Cambridge},
	author = {Aronoff, Mark},
	date-added = {2010-06-25 11:03:21 +0200},
	date-modified = {2014-11-28 14:03:14 +0000},
	keywords = {Morphology;Typology},
	publisher = {MIT Press},
	subtitle = {Stems and inflectional classes},
	title = {Morphology by itself},
	year = {1994}
}

@book{arnott1970,
	address = {Oxford},
	author = {Arnott, David W.},
	date-added = {2010-01-04 16:25:17 +0100},
	date-modified = {2010-07-18 19:45:18 +0200},
	keywords = {Language description},
	publisher = {Oxford University Press},
	sortname = {Arnott, David W.},
	title = {The nominal and verbal systems of {F}ula},
	year = {1970}
}

@book{aquilina1959,
	address = {Malta},
	author = {Aquilina, Joseph},
	date-added = {2009-06-08 11:14:11 +0200},
	date-modified = {2016-03-22 16:41:47 +0000},
	keywords = {Language description;Semitic;Europe},
	publisher = {The Royal University},
	subtitle = {A study in mixed grammar and vocabulary},
	title = {The structure of {M}altese},
	year = {1959}
}

@book{anderson1998,
	address = {München},
	author = {Anderson, Gregory David},
	date-added = {2009-06-16 21:45:27 +0200},
	date-modified = {2009-06-16 21:46:55 +0200},
	keywords = {Language description;Turkic;Northern Eurasia},
	number = {251},
	publisher = {LINCOM Europa},
	series = {Languages of the World\slash{}Materials},
	title = {Xakas},
	year = {2002}
}

@book{anderson-etal1999,
	address = {München},
	author = {Anderson, Gregory David and Harrison, K. David},
	date-added = {2009-06-11 16:45:26 +0200},
	date-modified = {2009-06-11 16:46:44 +0200},
	keywords = {Language description;Turkic;Northern Eurasia},
	number = {257},
	publisher = {LINCOM Europa},
	series = {Languages of the World\slash{}Materials},
	sortname = {Anderson, Gregory David and Harrison, K. David},
	title = {Tyvan},
	year = {1999}
}

@book{alhoniemi1993,
	address = {Hamburg},
	author = {Alhoniemi, Alho},
	call-number = {MR},
	date-added = {2008-07-27 12:18:52 +0200},
	date-modified = {2009-04-26 12:06:52 +0200},
	keywords = {Language description;Uralic},
	publisher = {Buske},
	title = {{Grammatik des Tscheremissischen ({Mari})}},
	year = {1993}
}

@book{alekseev-etal1997,
	address = {Moskva},
	author = {Alekseev, Michail E. and Ataev, Boris M.},
	date-added = {2009-06-11 13:08:55 +0200},
	date-modified = {2010-02-15 12:36:25 +0100},
	keywords = {Language description;Caucasus;Europe},
	publisher = {Academia},
	sortname = {Alekseev, Michail E. and Ataev, Boris M.},
	title = {{Avarskij jazyk}},
	year = {1998}
}

@book{alatyrev1970,
	abstract = {possessive article contrastive-deictic declension},
	address = {Iževsk},
	author = {Alatyrev, Vasilij I.},
	date-added = {2008-07-27 12:18:52 +0200},
	date-modified = {2016-09-22 07:52:39 +0000},
	publisher = {Udmurtskij Naučno-Issledovatel'skij Institut Istorii, {\.E}konomiki, Lite\-ra\-tury i Jazyka},
	sortname = {Alatyrev, Vasilij I.},
	subtitle = {Rasširennyj doklad na {III} {M}eždunarodnom {K}ongresse {F}inno-{U}grovedov v g. {T}alline},
	title = {Vydelitel'no-ukazatel'naja kategorija v udmurtskom jazyke},
	year = {1970}
}

@book{abaev1964,
	address = {Bloomington},
	author = {Abaev, Vasilij I.},
	bib = {Diss},
	call-number = {MR (PDF)},
	date-added = {2009-01-29 19:34:58 +0100},
	date-modified = {2010-07-18 18:11:33 +0200},
	keywords = {Language description;Indoeuropean;Iranian},
	publisher = {Indiana University Press},
	sortname = {Abaev, Vasilij I.},
	title = {A grammatical sketch of {O}ssetic},
	year = {1964}
}

@article{zevachina2001,
	author = {Tat'jana S. Zevachina},
	date-added = {2008-09-17 15:51:32 +0200},
	date-modified = {2016-09-13 06:21:21 +0000},
	journal = {Jazyk, soznanie, kommunikacija},
	pages = {69--86},
	sortname = {Tat'jana S. Zevachina},
	title = {Funkcional'no-grammatičeskaja parametrizacija prilagatel'nogo (po dannym polevogo issledovanija dunganskogo jazyka)},
	volume = {20},
	year = {2001}
}

@article{wissemann1958,
	author = {Wissemann, Heinz},
	call-number = {MR (copy)},
	date-added = {2008-01-04 12:25:11 +0100},
	date-modified = {2016-09-12 13:56:21 +0000},
	journal = {Indogermanische Forschungen},
	keywords = {Noun phrase; Attribution; Adjective; Definiteness},
	number = {1},
	pages = {61--78},
	subtitle = {Die {G}rundfunktion des bestimmten {A}djektivs im {B}altischen und {S}lavischen},
	title = {Zur nominalen {D}etermination {I}},
	volume = {63},
	year = {1958}
}

@article{wijk1935,
	author = {{van Wijk}, Nicolaas},
	call-number = {MR (copy)},
	date-added = {2007-12-28 12:31:32 +0100},
	date-modified = {2010-02-15 12:18:34 +0100},
	journal = {Germanoslavica},
	keywords = {Noun phrase; Attribution},
	number = {1},
	pages = {19--30},
	rating = {0},
	read = {Yes},
	title = {{Eine slavisch-germanische syntaktische Parallele}},
	volume = {3},
	year = {1935}
}

@article{van-pottelberge2001,
	author = {{Van Pottelberge}, Jeroen},
	date-added = {2009-04-19 12:54:11 +0200},
	date-modified = {2016-04-08 09:53:44 +0000},
	journal = {Linguistik online},
	keywords = {Typology;Contact linguistics;Areal typology},
	lastchecked = {2009-04-19},
	
	subtitle = {Beschreiben sie Sprachen oder Linguisten?},
	title = {Sprachbünde},
	url = {http://www.linguistik-online.de/1_01/VanPottelberge.html},
	volume = {8},
	year = {2001}
}

@article{tolstoj1957,
	author = {Tolstoj, Nikita I.},
	call-number = {MR (copy)},
	date-added = {2007-07-19 05:38:07 +0200},
	date-modified = {2010-07-19 11:43:12 +0200},
	journal = {Voprosy slavjanskogo jazykoznanija},
	keywords = {Noun phrase; Slavic; Adjective; Attribution},
	pages = {45--122},
	sortname = {Tolstoj, Nikita I.},
	title = {{Značenie polnych i kratkich form prilagatelnych v staroslavjanskom jazyke}},
	volume = {2},
	year = {1957}
}

@article{tauli1955,
	abstract = {?Saami},
	author = {Tauli, Valter},
	date-added = {2008-07-27 12:18:52 +0200},
	date-modified = {2010-07-19 11:38:03 +0200},
	journal = {Ural-Altaische Jahrbücher},
	keywords = {Contact linguistics;Uralic},
	pages = {7--31},
	title = {On the foreign contacts of the {{U}}ralic languages},
	volume = {27},
	year = {1955}
}

@article{samvelian2007,
	abstract = {This paper discusses the status of the Ezafe particle -(y)e in Persian and provides an affixal analysis of the Ezafe, formalized within Head-driven Phrase Structure Grammar (HPSG). The Ezafe, a feature of certain Western Iranian languages, is realized as an enclitic and links the head noun to its modifiers and to the possessor NP. The latter follow the head and are linked to one another by the Ezafe. On the basis of crucial empirical facts that have never been discussed in previous studies, I argue that the Ezafe is best regarded as an affix attaching to nominal heads (nouns, adjectives and some prepositions), as well as to nominal intermediate projections, and marking them as expecting a modifier or a direct nominal complement. Viewed as such, the Ezafe construction is an instance of the head-marked pattern of morphological marking of grammatical relations. This analysis differs from all previous accounts of the Ezafe (i.e. as case-marker, syntactic or phonological linker) and entails that the Ezafe, which originated in the Old Iranian relative particle -hya, has undergone a process of reanalysis-grammaticalization, to end up as a part of nominal morphology.},
	author = {Samvelian, Pollet},
	date-added = {2008-07-27 12:18:52 +0200},
	date-modified = {2010-02-15 11:51:52 +0100},
	journal = {Journal of Linguistics},
	keywords = {Noun phrase;Attribution},
	number = {3},
	pages = {605--645},
	title = {A (phrasal) affix analysis of the {P}ersian {\it {{E}}zafe}},
	volume = {43},
	year = {2007}
}

@article{ross1998,
	author = {Ross, Malcolm},
	date-added = {2008-07-27 12:18:52 +0200},
	date-modified = {2009-05-16 13:32:51 +0200},
	journal = {Oceanic Linguistics},
	keywords = {Noun phrase; Adjective;Possession;Typology},
	number = {2},
	pages = {234--276},
	title = {Possessive like attributive constructions in the {O}ceanic languages of {N}orthwest {M}elanesia},
	volume = {37},
	year = {1998}
}

@article{ravila1941,
	author = {Ravila, Paavo},
	date-added = {2009-12-21 12:55:37 +0100},
	date-modified = {2016-09-22 06:54:55 +0000},
	journal = {Finnisch-ugrische Forschungen},
	keywords = {Historical linguistics;Uralic;Noun phrase;Attribution},
	pages = {1--136},
	title = {Über die {V}erwendung der {N}umeruszeichen in den uralischen {S}prachen},
	volume = {27},
	year = {1941}
}

@article{rausch1912,
	author = {Rausch, Peter J.},
	date-added = {2009-06-19 13:20:36 +0200},
	date-modified = {2010-07-19 11:26:49 +0200},
	journal = {Anthropos},
	pages = {105--134, 585--616, 964--994},
	sortname = {Rausch, Peter J.},
	title = {{Die Sprache von {Südost-Bougainville}, Deutsche Salomoninseln}},
	volume = {7},
	year = {1912}
}

@article{pohl1980,
	author = {Pohl, Heinz Dieter},
	date-added = {2008-01-04 16:24:58 +0100},
	date-modified = {2016-09-12 13:45:59 +0000},
	journal = {Klagenfurter Beiträge zur Sprachwissenschaft},
	pages = {58--101},
	subtitle = {Die {F}iktion von der baltisch\hyp{}slavischen {S}pracheinheit},
	title = {Baltisch und {S}lavisch},
	titleaddon = {Erster {T}eil},
	volume = {6},
	year = {1980}
}

@article{nichols1986,
	author = {Nichols, Johanna},
	call-number = {MR (copy)},
	date-added = {2008-01-07 16:42:54 +0100},
	date-modified = {2008-01-07 16:43:57 +0100},
	journal = {Language},
	keywords = {Noun phrase},
	pages = {56--119},
	title = {Head-marking and dependent-marking grammars},
	volume = {62},
	year = {1986}
}

@article{melcuk1993,
	author = {Mel'čuk, Igor},
	bib = {Diss},
	date-added = {2009-04-17 11:20:19 +0200},
	date-modified = {2009-04-17 11:23:36 +0200},
	journal = {Lingvisticae Investigationes},
	keywords = {Noun phrase},
	pages = {307--372},
	sortname = {Mel'cuk, Igor},
	title = {Agreement, government, congruence},
	volume = {17},
	year = {1993}
}

@article{marusic-etal2007b,
	author = {Marušič, Franc and Žaucer, Rok},
	date-added = {2016-05-28 09:18:12 +0000},
	date-modified = {2016-05-28 09:19:09 +0000},
	journal = {Pismo},
	number = {1},
	pages = {102--124},
	sortname = {Maru sic, Franc and Zaucer, Rok},
	title = {On the adjectival definite article in {S}lovenian},
	volume = {5},
	year = {2007}
}

@article{marusic-etal2007,
	author = {Marušič, Franc and Žaucer, Rok},
	date-added = {2007-07-16 13:19:05 +0200},
	date-modified = {2016-05-28 09:18:09 +0000},
	journal = {Slavistična revija},
	number = {1-2},
	pages = {223--247},
	sortname = {Maru sic, Franc and Zaucer, Rok},
	title = {O določnem ta v pogovorni slovenščini (z navezavo na določno obliko pridevnika)},
	volume = {55},
	year = {2007}
}

@article{mark1979,
	author = {Márk, Tamás},
	date-added = {2007-07-13 11:53:37 +0200},
	date-modified = {2007-07-13 11:57:13 +0200},
	journal = {Finnisch-Ugrische Forschungen},
	keywords = {Noun phrase: Agreement, Attribution},
	pages = {208--212},
	sortname = {Mark, Tamas},
	title = {Wortart und {K}ongruenz},
	volume = {43},
	year = {1979}
}

@article{leinonen2006a,
	author = {Leinonen, Marja},
	date-added = {2008-07-27 12:18:52 +0200},
	date-modified = {2016-04-08 09:52:27 +0000},
	journal = {Suomalais-Ugrilaisen Seuran Aikakauskirja},
	pages = {93--114},
	subtitle = {Komin possessiivisuffiksin ei-possessiivista funktioista},
	title = {Omistussuhteen ulokkeita},
	volume = {91},
	year = {2006}
}

@article{kunnap2004,
	abstract = {Finno-Ugric, Selkup, Turkic and Tungusic share a common (preferred) use of the 3rd person possessive suffix (3Px) in the non-personal definite function. Based on the use of (Northern) Samoyedic languages one could imagine that in a number of Uralic languages the text meant for the addressee (= the 2nd person) sounds natural when determined by means of the 2Px, meaning something like 'the matter heard by you'. The 3Px usage is here related to a more general definiteness (in Samoyedic languages in case of the concepts 'sun', 'moon', 'sky', 'earth' etc., since these phenomena are determined by their unique and universal nature already, not by the listener's hearing). Thus, it may be supposed that a non-personal general-definite function has always been inherent to the Uralic 3Px},
	author = {Künnap, Ago},
	call-number = {MR (copy); MR (PDF)},
	date-added = {2008-07-27 12:18:52 +0200},
	date-modified = {2010-08-05 17:28:11 +0200},
	journal = {Linguistica Uralica},
	keywords = {Noun phrase; Typology; Possession; Uralic},
	number = {1},
	pages = {1--4},
	sortname = {Kunnap, Ago},
	title = {About the non-personal definite function of the {{U}}ralic 3rd person possessive suffix},
	volume = {40},
	year = {2004}
}

@article{koch1999,
	author = {Koch, Christoph},
	call-number = {MR (copy)},
	date-added = {2007-07-19 06:03:09 +0200},
	date-modified = {2016-09-12 13:26:01 +0000},
	journal = {Zeitschrift für Slavistik},
	keywords = {Noun phrase;Slavic;Attribution},
	number = {4},
	pages = {455--475},
	subtitle = {Die westslavischen {A}dverbialadjektiva auf \textit{-ej's-}},
	title = {Weiterungen des relativen {A}ttributivkonnexes},
	volume = {44},
	year = {1999}
}

@article{kiekbaev1965,
	author = {Kiekbaev, Džalil' G.},
	date-added = {2009-10-30 14:14:37 +0100},
	date-modified = {2009-10-30 14:16:49 +0100},
	journal = {Sovetskoe finno-ugrovedenie},
	keywords = {Uralic;Turkic;Noun phrase},
	number = {4},
	pages = {237--244},
	sortname = {Kiekbaev, Dzalil' G.},
	title = {{O grammatičeskoj kategorij opredelennosti i neopredelennosti v uralo-altajskich jazykach}},
	volume = {1},
	year = {1965}
}

@article{janhunen1981,
	author = {Juha Janhunen},
	call-number = {MR (copy)},
	date-added = {2008-01-03 22:18:19 +0100},
	date-modified = {2009-10-30 13:24:10 +0100},
	journal = {Finnisch-Ugrische Forschungen},
	keywords = {Language description;Uralic},
	pages = {23--42},
	title = {On the structure of {{P}roto-{{U}}}ralic},
	volume = {44},
	year = {1981}
}

@article{jalava2013a,
	abstract = {Nenets expresses property with lexical items that represent two main word classes: nouns and verbs. This study focuses on the morphological and syntactic features that are typical to adjectives in other languages and also characteristic to property words in Nenets: attributive and predicative positions, derivation, comparative construction and the formation of adverbs of manner. It argues that Nenets property words have fea- tures that distinguish them from other nouns and verbs. Furthermore, the study aims at explaining the dichotomy of Nenets property words in two words classes. At the same time, the study takes part in the discussion of the cross-linguistic universality of adjec- tives and linguistic categorization.},
	author = {Jalava, Lotta},
	date-added = {2016-09-18 11:55:38 +0000},
	date-modified = {2016-09-18 11:55:38 +0000},
	journal = {Suomalais-Ugrilaisen Seuran Aikakauskirja},
	keywords = {adjective},
	pages = {37--67},
	subtitle = {Properties of property words},
	title = {``Adjectives'' in {T}undra {N}enets},
	volume = {94},
	year = {2013}
}

@article{itkonen-t1980a,
	author = {Itkonen, Terho},
	date-added = {2014-11-26 11:57:17 +0000},
	date-modified = {2014-11-26 11:57:17 +0000},
	journal = {Virittäjä},
	keywords = {Finnish,North-Germanic,definiteness,noun phrase,semantics,morphology},
	pages = {27--38},
	title = {Spesies suomessa ja germaanisissa kielissä},
	volume = {84},
	year = {1980}
}

@article{holvoetEtAl2012a,
	author = {Holvoet, Axel and Birut{\.e} Spraunien{\.e}},
	date-added = {2016-06-17 08:30:44 +0000},
	date-modified = {2016-06-17 08:31:40 +0000},
	journal = {Baltic Linguistics},
	pages = {65--99},
	sortname = {Holvoet, Axel and Birut{\.e} Spraunien{\.e}},
	title = {Towards a semantic map for definite adjectives in {B}altic},
	volume = {3},
	year = {2012}
}

@article{hengeveld-etal2004,
	author = {Hengeveld, Kees J. and Rijkhoff, Jan and Siewierska, Anna},
	call-number = {MR (PDF)},
	date-added = {2009-06-26 20:35:13 +0200},
	date-modified = {2010-07-19 10:35:47 +0200},
	journal = {Journal of Linguistics},
	number = {3},
	pages = {527--570},
	sortname = {Hengeveld, Kees J. and Rijkhoff, Jan and Siewierska, Anna},
	title = {Parts-of-speech systems and word order},
	volume = {40},
	year = {2004}
}

@article{haspelmath2010b,
	abstract = {In this discussion note, I argue that we need to distinguish carefully between descriptive categories, that is, categories of particular languages, and comparative concepts, which are used for crosslinguistic comparison and are specifically created by typologists for the purposes of comparison. Descriptive formal categories cannot be equated across languages because the criteria for category assignment are different from language to language. This old structuralist insight (called categorial particularism) has recently been emphasized again by several linguists, but the idea that linguists need to identify `crosslinguistic categories' before they can compare languages is still widespread, especially (but not only) in generative linguistics. Instead, what we have to do (and normally do in practice) is to create comparative concepts that allow us to identify comparable phenomena across languages and to formulate crosslinguistic generalizations. Comparative concepts have to be universally applicable, so they can only be based on other universally applicable concepts: conceptual-semantic concepts, general formal concepts, and other comparative concepts. Comparative concepts are not always purely semantically based concepts, but outside of phonology they usually contain a semantic component. The fact that typologists compare languages in terms of a separate set of concepts that is not taxonomically superordinate to descriptive linguistic categories means that typology and language-particular analysis are more independent of each other than is often thought.},
	author = {Haspelmath, Martin},
	date-added = {2016-07-13 15:08:55 +0000},
	date-modified = {2016-09-12 13:01:51 +0000},
	journal = {Language},
	number = {3},
	pages = {663--687},
	title = {Comparative concepts and descriptive categories in cross-linguistic studies},
	volume = {86},
	year = {2010}
}

@article{hall1938,
	author = {Robert A. Hall, Jr.},
	date-added = {2009-06-08 14:12:32 +0200},
	date-modified = {2009-06-08 14:14:16 +0200},
	journal = {Language},
	keywords = {Language description;Uralic},
	number = {2},
	pages = {9--113},
	sortname = {Robert A. Hall, Jr.},
	title = {An Analytical Grammar of the {H}ungarian Language},
	volume = {14},
	year = {1938}
}

@article{foley1980,
	author = {Foley, William A.},
	call-number = {MR (copy)},
	date-added = {2008-07-27 12:18:52 +0200},
	date-modified = {2009-12-08 12:34:19 +0100},
	journal = {Studies in Language},
	keywords = {Syntax;Noun phrase;Typology},
	notes = {!Diss},
	number = {2},
	pages = {171--199},
	sortname = {Foley, William A.},
	title = {Towards a universal typology of the noun phrase},
	volume = {4},
	year = {1980}
}

@article{dryer1989a,
	author = {Dryer, Matthew S.},
	date-added = {2008-07-27 12:18:52 +0200},
	date-modified = {2010-01-05 09:56:44 +0100},
	journal = {Chicago Linguistic Society},
	keywords = {Noun phrase;Article;Word order;Syntax},
	pages = {83--97},
	sortname = {Dryer, Matthew S.},
	title = {Article-noun order},
	volume = {25},
	year = {1989}
}

@article{corbett1987,
	abstract = {!kopieren},
	author = {Corbett, Greville G.},
	date-added = {2007-07-16 16:32:35 +0200},
	date-modified = {2010-06-26 08:43:01 +0200},
	journal = {Language},
	keywords = {Noun phrase;Typology},
	pages = {299--345},
	sortname = {Corbett, Greville G.},
	title = {The morphology-syntax interface},
	volume = {63},
	year = {1987}
}

@article{corbett-etal2006,
	abstract = {Morphological features characterize variations in morphological form which are independent of syntactic context. They contrast with morphosyntactic features, which characterize variations in form correlated with different syntactic contexts. Morphological features account for formal variation across lexemes (inflectional class), as well as morphosyntactically incoherent alternations within the paradigm of a single lexeme. Such morphological features are not available to the syntax, as is made explicit in the principle of `morphology-free syntax'. Building on work on stress patterns in Network Morphology and on stems in Paradigm Function Morphology, we take initial steps towards a typology of these morphological features. We identify four types: inflectional class features (affixal and prosodic), stem indexing features, syncretic index features and morphophonological features. Then we offer a first list of criteria for distinguishing them from morphosyntactic features (independently of the principle of morphology-free syntax). Finally we review the arguments demonstrating the need to recognize morphological features.},
	author = {Corbett, Greville G. and Baerman, Matthew},
	call-number = {MR (copy)},
	date-added = {2008-07-27 12:18:52 +0200},
	date-modified = {2010-07-19 10:14:57 +0200},
	journal = {Morphology},
	keywords = {Morphology;Morphosyntax;Typology;Inflection},
	number = {2},
	pages = {231--246},
	sortname = {Corbett, Greville G. and Baerman, Matthew},
	title = {Prolegomena to a typology of morphological features},
	volume = {16},
	year = {2006}
}

@article{borjars1994,
	author = {Börjars, Kersti},
	date-added = {2008-07-27 12:18:52 +0200},
	date-modified = {2009-10-27 10:06:51 +0100},
	journal = {Nordic Journal of Linguistics},
	keywords = {Noun phrase;Syntax},
	pages = {219--252},
	sortname = {Borjars, Kersti},
	title = {{Swedish} double determination in a {E}uropean typological perspective},
	volume = {17},
	year = {1994}
}

@article{bickel2007,
	author = {Bickel, Balthasar},
	call-number = {MR},
	date-added = {2009-10-09 13:39:39 +0200},
	date-modified = {2014-11-28 14:01:16 +0000},
	journal = {Linguistic Typology},
	pages = {239--251},
	subtitle = {Major current developments},
	title = {Typology in the 21st century},
	volume = {11},
	year = {2007}
}

@article{backhouse1984,
	author = {Backhouse, A. E.},
	date-added = {2009-06-26 20:05:38 +0200},
	date-modified = {2010-07-18 19:51:51 +0200},
	journal = {Lingua},
	keywords = {Adjective;Noun phrase},
	pages = {169--186},
	sortname = {Backhouse, A. E.},
	title = {{Have} all the adjectives gone?},
	volume = {62},
	year = {1984}
}

@article{atanyi1943,
	author = {Atányi, István},
	date-added = {2007-12-19 12:35:30 +0100},
	date-modified = {2016-09-22 07:45:57 +0000},
	journal = {Nyelvtudományi közlemények},
	keywords = {Saami linguistics;Noun phrase; Adjective},
	number = {2},
	pages = {307--355},
	sortname = {Atanyi, Istvan},
	title = {A lapp melléknevek attributı́v-predikatı́v alakpárjainak kérdéséhez},
	volume = {51},
	year = {1943}
}